2192 3517
292 179 374 238 tu
963 183 1051 233 nn
1088 185 1388 234 omen&
1824 187 1904 248 a..
1927 190 1967 235 1.

386 335 634 403 tinctum
676 331 868 406 facile,
895 334 1048 411 quod
1074 334 1356 413 cujusque
1393 334 1670 411 temporis
1706 333 1974 394 officium

387 431 480 500 sit,
508 430 826 508 poterimus
854 428 996 508 (nisi
1023 432 1409 507 nosmetipsos
1430 432 1593 489 valde
1615 430 1969 507 amabimus)

381 527 661 604 judicare.
747 527 857 586 Est
887 528 1044 586 enim
1085 520 1341 587 diffioi'lis
1368 548 1509 588 cura
1533 547 1722 588 rerum
1755 528 1974 586 aliena·

387 643 548 695 rum3
589 643 915 700 quanquam
942 624 1338 708 Terentianus
1366 624 1460 682 ille
1497 624 1779 683 Chremes
1806 632 1843 657 “
1865 625 1974 682 hu-

324 735 358 783 5
389 721 546 794 mani
574 722 719 780 nihil
743 742 858 780 ase
881 722 1133 780 alienum
1153 724 1372 797 putat.'’
1458 722 1575 780 Sed
1594 733 1809 794 tamen,
1831 722 1975 798 quia

387 820 574 900 magis
600 839 669 878 ea
693 819 1046 896 percipimus
1090 830 1262 894 atque
1303 819 1603 891 sentimus,
1632 839 1759 895 quae
1795 818 1971 877 nobis

389 903 529 992 ipsis
574 927 671 982 aut
710 934 985 993 prospera
1026 925 1128 972 aut
1173 915 1416 973 adversa
1456 916 1747 988 eveniunt,
1792 935 1969 992 quam

386 1012 508 1084 illa,
538 1032 665 1088 quae
706 1010 932 1068 caeteris
961 1009 1136 1086 (qim,
1167 1011 1331 1086 quasi
1357 1011 1532 1089 longo
1560 1011 1854 1070 intervallo
1882 1011 1971 1069 in·

386 1109 649 1185 terjecto,
686 1107 1008 1187 videmus);
1054 1108 1219 1166 aliter
1264 1108 1338 1165 de
1382 1107 1517 1179 illis,
1548 1126 1618 1165 ac
1661 1109 1734 1165 de
1774 1107 1966 1180 nobis,

296 1229 358 1281 ,⁶0
381 1205 726 1281 judicamus·
807 1204 1115 1271 Quocirca
1151 1205 1303 1266 bene
1340 1204 1703 1281 praecipiunt,
1735 1204 1835 1280 qui
1874 1223 1969 1262 ve-

387 1311 512 1368 tant
551 1300 860 1377 quidquam
900 1320 1097 1378 agere,
1139 1302 1313 1378 quod,
1343 1302 1591 1373 dubiteS,
1621 1305 1847 1377 aequum
1891 1301 1984 1358 sit

388 1418 465 1456 an
498 1397 778 1473 iniquum.
862 1398 1130 1474 AEquitas
1169 1399 1328 1456 enim
1351 1399 1524 1457 «lucet
1563 1398 1688 1474 ipsa
1723 1416 1828 1473 per
1868 1417 1982 1456 ser-

386 1494 673 1553 dubitatio
700 1494 1116 1572 cogitationem
1145 1475 1434 1573 significat
1461 1495 1698 1571 injuriae.

466 1687 543 1746 X.
588 1688 707 1747 Sed
746 1689 1014 1766 incidunt
1055 1708 1212 1767 saepe
1249 1700 1529 1767 tempora,
1551 1687 1694 1748 ‘cum
1719 1707 1815 1762 ea,'
1840 1709 1965 1765 quae

295 1808 357 1858 15
378 1784 636 1844 maxime
662 1786 927 1846 videntur
956 1786 1135 1865 digna
1170 1806 1298 1846 esse
1319 1787 1475 1865 justo
1502 1787 1756 1860 homine,
1785 1801 1965 1863 eoque

386 1902 557 1957 quem
585 1883 768 1941 virum
798 1884 1017 1942 bonnm
1042 1875 1315 1956 dicimus,
1338 1884 1968 1964 commutantur,·fiunt-

387 1997 499 2053 que
526 1978 846 2048 contraria:
893 1987 955 2036 ut
983 1978 1224 2037 reddere
1252 1978 1596 2055 depositum,
1622 1971 1963 2053 'promissum

388 2069 600 2146 facere,
618 2093 858 2149 quaeque
877 2074 1171 2150 pertinent
1193 2074 1265 2132 ad
1282 2074 1578 2132 veritatem
1596 2084 1656 2131 et
1677 2075 1749 2132 ad
1770 2071 1961 2145 fidem,

386 2189 459 2228 ea
483 2172 730 2248 migrare
771 2171 1080 2243 interdum,
1110 2181 1170 2229 et
1196 2190 1317 2229 non
1345 2189 1590 2242 servare,
1620 2171 1694 2228 sit
1727 2171 1961 2247 justum.

286 2281 357 2331 20
386 2266 622 2327 Referri
662 2267 819 2324 enim
848 2267 1019 2325 decet
1052 2269 1124 2325 ad
1152 2287 1241 2340 ea,
1270 2287 1397 2342 quae
1415 2267 1697 2343 ‘proposui
1724 2268 1784 2325 in
1809 2268 1965 2343 ‘prin-

386 2363 561 2441 cipio,
605 2363 981 2424 fundamenta
1014 2364 1285 2440 justitiae:
1339 2364 1605 2441 primum,
1650 2375 1711 2421 ut
1751 2383 1826 2421 ne
1851 2365 1974 2426 cui*

386 2469 664 2519 noceatur
687 2481 702 2531 3
726 2460 974 2544 ‘'deinde,
1027 2470 1091 2517 ut
1133 2461 1428 2518 communi
1475 2462 1709 2520 utilitati
1760 2462 1964 2519 servia-

386 2567 493 2616 tur.
563 2555 655 2615 Ea
674 2576 806 2614 cum
830 2566 1091 2632 tempora
1112 2551 1557 2629 commutantur,
1582 2567 1961 2615 commutatur

386 2653 661 2725 officium,
691 2663 748 2711 et
789 2671 907 2710 non
948 2672 1174 2729 semper
1211 2639 1300 2710 ost
1332 2653 1502 2710 idem.
1583 2653 1783 2711 Poteut
1808 2653 1962 2710 enim

295 2764 359 2814 25
389 2749 656 2808 accidere
692 2768 1039 2825 promissum
1070 2748 1299 2826 aliquod
1328 2759 1387 2806 et
1414 2759 1784 2822 conventum,
1805 2761 1875 2806 ,ut
1907 2750 1961 2807 id

387 2845 540 2904 effici
580 2846 655 2905 sit
693 2846 900 2905 inutile
928 2844 1017 2903 vel
1058 2846 1116 2904 ei
1157 2846 1256 2904 cui
1294 2847 1641 2923 promissum
1668 2846 1763 2920 sit,
1793 2846 1882 2905 vel
1909 2848 1963 2905 ei

389 2942 486 3042 qui
525 2943 870 3020 promiserit.
955 2941 1112 3002 Nam
1139 2943 1188 3001 si
1219 2940 1311 3020 (ut
1339 2943 1399 3001 in
1429 2944 1638 3002 fabulis
1664 2946 1780 3025 est)
1810 2943 1966 3023 Nep-
