<?xml version="1.0" encoding="UTF-8"?>
<!DOCTYPE html PUBLIC "-//W3C//DTD XHTML 1.0 Transitional//EN"
    "http://www.w3.org/TR/xhtml1/DTD/xhtml1-transitional.dtd">
<html xmlns="http://www.w3.org/1999/xhtml" xml:lang="en" lang="en">
 <head>
  <title>
</title>
<meta http-equiv="Content-Type" content="text/html;charset=utf-8" />
  <meta name='ocr-system' content='tesseract 3.04.00' />
  <meta name='ocr-capabilities' content='ocr_page ocr_carea ocr_par ocr_line ocrx_word'/>
</head>
<body>
  <div class='ocr_page' id='page_1' title='image "./mtciceronisdeof05cicegoog/mtciceronisdeof05cicegoog_0060.png"; bbox 0 0 2192 3517; ppageno 0'>
   <div class='ocr_carea' id='block_1_1' title="bbox 329 201 1999 276">
    <p class='ocr_par' dir='ltr' id='par_1_1' title="bbox 329 201 1999 276">
     <span class='ocr_line' id='line_1_1' title="bbox 329 201 1999 276; baseline -0.002 -17"><span class='ocrx_word' id='word_1_1' title='bbox 329 201 408 259; x_wconf 83' lang='grc'>54</span> <span class='ocrx_word' id='word_1_2' title='bbox 468 271 479 276; x_wconf 15' lang='grc' dir='ltr'>ἱ</span> <span class='ocrx_word' id='word_1_3' title='bbox 1005 207 1095 255; x_wconf 72' lang='lat' dir='ltr'>m:</span> <span class='ocrx_word' id='word_1_4' title='bbox 1134 205 1427 255; x_wconf 74' lang='lat' dir='ltr'>omens.</span> <span class='ocrx_word' id='word_1_5' title='bbox 1871 206 1999 269; x_wconf 70' lang='lat' dir='ltr'>[nl</span> 
     </span>
    </p>
   </div>
   <div class='ocr_carea' id='block_1_2' title="bbox 423 353 2011 612">
    <p class='ocr_par' dir='ltr' id='par_1_2' title="bbox 423 353 2011 612">
     <span class='ocr_line' id='line_1_2' title="bbox 424 353 2009 436; baseline -0.002 -18"><span class='ocrx_word' id='word_1_6' title='bbox 424 371 541 419; x_wconf 86' lang='lat' dir='ltr'>tem</span> <span class='ocrx_word' id='word_1_7' title='bbox 569 360 708 417; x_wconf 86' lang='lat' dir='ltr'>licet</span> <span class='ocrx_word' id='word_1_8' title='bbox 732 356 1062 436; x_wconf 83' lang='lat' dir='ltr'>magnifice,</span> <span class='ocrx_word' id='word_1_9' title='bbox 1093 355 1361 434; x_wconf 73' lang='lat' dir='ltr'>graviter,</span> <span class='ocrx_word' id='word_1_10' title='bbox 1393 353 1763 431; x_wconf 76' lang='lat' dir='ltr'>animoseque</span> <span class='ocrx_word' id='word_1_11' title='bbox 1793 354 2009 430; x_wconf 82' lang='lat' dir='ltr'>vivere,</span> 
     </span>
     <span class='ocr_line' id='line_1_3' title="bbox 427 452 2011 534; baseline -0.002 -19"><span class='ocrx_word' id='word_1_12' title='bbox 427 468 597 534; x_wconf 81' lang='lat' dir='ltr'>atque</span> <span class='ocrx_word' id='word_1_13' title='bbox 635 457 813 515; x_wconf 89' lang='lat' dir='ltr'>etiam</span> <span class='ocrx_word' id='word_1_14' title='bbox 854 454 1212 532; x_wconf 84' lang='lat' dir='ltr'>simpliciter,</span> <span class='ocrx_word' id='word_1_15' title='bbox 1242 452 1509 525; x_wconf 82' lang='lat' dir='ltr'>fideliter,</span> <span class='ocrx_word' id='word_1_16' title='bbox 1536 452 1781 528; x_wconf 79' lang='lat' dir='ltr'>vitaeque</span> <span class='ocrx_word' id='word_1_17' title='bbox 1823 453 2011 513; x_wconf 84' lang='lat' dir='ltr'>horni-</span> 
     </span>
     <span class='ocr_line' id='line_1_4' title="bbox 423 554 795 612; baseline 0 -1"><span class='ocrx_word' id='word_1_18' title='bbox 423 571 563 612; x_wconf 82' lang='lat' dir='ltr'>num</span> <span class='ocrx_word' id='word_1_19' title='bbox 593 554 795 611; x_wconf 79' lang='lat' dir='ltr'>amice.</span> 
     </span>
    </p>
   </div>
   <div class='ocr_carea' id='block_1_3' title="bbox 325 745 2038 2948">
    <p class='ocr_par' dir='ltr' id='par_1_3' title="bbox 325 745 2038 2948">
     <span class='ocr_line' id='line_1_5' title="bbox 501 745 2006 823; baseline 0.001 -17"><span class='ocrx_word' id='word_1_20' title='bbox 501 748 762 807; x_wconf 87' lang='lat' dir='ltr'><strong>XXVII.</strong></span> <span class='ocrx_word' id='word_1_21' title='bbox 807 746 1102 823; x_wconf 83' lang='lat' dir='ltr'><strong>Sequitur,</strong></span> <span class='ocrx_word' id='word_1_22' title='bbox 1130 756 1196 804; x_wconf 86' lang='lat' dir='ltr'>ut</span> <span class='ocrx_word' id='word_1_23' title='bbox 1223 745 1299 804; x_wconf 87' lang='lat' dir='ltr'>de</span> <span class='ocrx_word' id='word_1_24' title='bbox 1322 746 1439 804; x_wconf 72' lang='lat' dir='ltr'>una</span> <span class='ocrx_word' id='word_1_25' title='bbox 1466 745 1688 822; x_wconf 62' lang='lat' dir='ltr'>reliqua</span> <span class='ocrx_word' id='word_1_26' title='bbox 1712 758 1874 823; x_wconf 87' lang='lat' dir='ltr'>parte</span> <span class='ocrx_word' id='word_1_27' title='bbox 1903 749 2006 808; x_wconf 89' lang='lat' dir='ltr'>ho·</span> 
     </span>
     <span class='ocr_line' id='line_1_6' title="bbox 359 842 2004 922; baseline 0.002 -20"><span class='ocrx_word' id='word_1_28' title='bbox 359 848 392 901; x_wconf 79' lang='lat'><strong>5</strong></span> <span class='ocrx_word' id='word_1_29' title='bbox 422 846 661 903; x_wconf 87' lang='lat' dir='ltr'>nestatis</span> <span class='ocrx_word' id='word_1_30' title='bbox 682 845 995 902; x_wconf 89' lang='lat' dir='ltr'>dicendum</span> <span class='ocrx_word' id='word_1_31' title='bbox 1012 844 1085 900; x_wconf 87' lang='lat' dir='ltr'>sit</span> <span class='ocrx_word' id='word_1_32' title='bbox 1104 864 1117 914; x_wconf 84' lang='lat'><em>3</em></span> <span class='ocrx_word' id='word_1_33' title='bbox 1163 842 1224 900; x_wconf 87' lang='lat' dir='ltr'>in</span> <span class='ocrx_word' id='word_1_34' title='bbox 1241 843 1355 919; x_wconf 63' lang='lat' dir='ltr'>qui</span> <span class='ocrx_word' id='word_1_35' title='bbox 1372 844 1738 917; x_wconf 87' lang='lat' dir='ltr'>verecundia,</span> <span class='ocrx_word' id='word_1_36' title='bbox 1758 856 1817 903; x_wconf 88' lang='lat' dir='ltr'>et</span> <span class='ocrx_word' id='word_1_37' title='bbox 1836 847 2004 922; x_wconf 84' lang='lat' dir='ltr'>quasi</span> 
     </span>
     <span class='ocr_line' id='line_1_7' title="bbox 422 941 2003 1018; baseline 0.003 -20"><span class='ocrx_word' id='word_1_38' title='bbox 422 942 655 1018; x_wconf 86' lang='lat' dir='ltr'>quidam</span> <span class='ocrx_word' id='word_1_39' title='bbox 697 951 935 999; x_wconf 88' lang='lat' dir='ltr'>ornatus</span> <span class='ocrx_word' id='word_1_40' title='bbox 974 941 1125 1012; x_wconf 76' lang='lat' dir='ltr'>vitae,</span> <span class='ocrx_word' id='word_1_41' title='bbox 1158 941 1555 1016; x_wconf 83' lang='lat' dir='ltr'><strong>temperantia,</strong></span> <span class='ocrx_word' id='word_1_42' title='bbox 1597 952 1656 999; x_wconf 92' lang='lat' dir='ltr'>et</span> <span class='ocrx_word' id='word_1_43' title='bbox 1695 943 2003 1018; x_wconf 85' lang='lat' dir='ltr'>modestia,</span> 
     </span>
     <span class='ocr_line' id='line_1_8' title="bbox 423 1036 2002 1113; baseline 0.001 -17"><span class='ocrx_word' id='word_1_44' title='bbox 423 1038 727 1113; x_wconf 84' lang='lat' dir='ltr'>omnisque</span> <span class='ocrx_word' id='word_1_45' title='bbox 746 1036 967 1095; x_wconf 86' lang='lat' dir='ltr'>sedatio</span> <span class='ocrx_word' id='word_1_46' title='bbox 985 1037 1481 1113; x_wconf 83' lang='lat' dir='ltr'>perturbationum</span> <span class='ocrx_word' id='word_1_47' title='bbox 1514 1038 1709 1111; x_wconf 87' lang='lat' dir='ltr'>animi,</span> <span class='ocrx_word' id='word_1_48' title='bbox 1728 1050 1789 1097; x_wconf 91' lang='lat' dir='ltr'>et</span> <span class='ocrx_word' id='word_1_49' title='bbox 1806 1058 2002 1098; x_wconf 89' lang='lat' dir='ltr'>rerum</span> 
     </span>
     <span class='ocr_line' id='line_1_9' title="bbox 422 1134 2000 1212; baseline 0.001 -20"><span class='ocrx_word' id='word_1_50' title='bbox 422 1135 629 1192; x_wconf 80' lang='lat' dir='ltr'>modus</span> <span class='ocrx_word' id='word_1_51' title='bbox 657 1136 931 1192; x_wconf 87' lang='lat' dir='ltr'>cernitur.</span> <span class='ocrx_word' id='word_1_52' title='bbox 1014 1134 1151 1192; x_wconf 91' lang='lat' dir='ltr'>Hoc</span> <span class='ocrx_word' id='word_1_53' title='bbox 1191 1135 1324 1192; x_wconf 87' lang='lat' dir='ltr'>loco</span> <span class='ocrx_word' id='word_1_54' title='bbox 1364 1134 1693 1193; x_wconf 82' lang='lat' dir='ltr'>continetur</span> <span class='ocrx_word' id='word_1_55' title='bbox 1734 1136 1813 1208; x_wconf 89' lang='lat' dir='ltr'>id,</span> <span class='ocrx_word' id='word_1_56' title='bbox 1843 1137 2000 1212; x_wconf 88' lang='lat' dir='ltr'>quod</span> 
     </span>
     <span class='ocr_line' id='line_1_10' title="bbox 423 1227 2000 1306; baseline -0.001 -20"><span class='ocrx_word' id='word_1_57' title='bbox 423 1230 543 1287; x_wconf 88' lang='lat' dir='ltr'>dici</span> <span class='ocrx_word' id='word_1_58' title='bbox 565 1227 771 1286; x_wconf 82' lang='lat' dir='ltr'>Latine</span> <span class='ocrx_word' id='word_1_59' title='bbox 793 1229 1085 1288; x_wconf 75' lang='lat' dir='ltr'>Decorum</span> <span class='ocrx_word' id='word_1_60' title='bbox 1096 1240 1288 1305; x_wconf 82' lang='lat' dir='ltr'>potest</span> <span class='ocrx_word' id='word_1_61' title='bbox 1307 1249 1321 1288; x_wconf 76' lang='lat' dir='ltr'><em>z</em></span> <span class='ocrx_word' id='word_1_62' title='bbox 1363 1231 1569 1289; x_wconf 84' lang='lat' dir='ltr'>Graece</span> <span class='ocrx_word' id='word_1_63' title='bbox 1589 1232 1746 1289; x_wconf 88' lang='lat' dir='ltr'>enim</span> <span class='ocrx_word' id='word_1_64' title='bbox 1769 1235 2000 1306; x_wconf 68' lang='grc' dir='ltr'><strong><em>Πρέποι·</em></strong></span> 
     </span>
     <span class='ocr_line' id='line_1_11' title="bbox 332 1325 1999 1402; baseline 0.004 -23"><span class='ocrx_word' id='word_1_65' title='bbox 332 1330 392 1379; x_wconf 83' lang='grc'>10</span> <span class='ocrx_word' id='word_1_66' title='bbox 421 1326 651 1384; x_wconf 87' lang='lat' dir='ltr'>dicitur.</span> <span class='ocrx_word' id='word_1_67' title='bbox 734 1325 928 1402; x_wconf 83' lang='lat' dir='ltr'>Hujus</span> <span class='ocrx_word' id='word_1_68' title='bbox 972 1326 1057 1383; x_wconf 80' lang='lat' dir='ltr'>vis</span> <span class='ocrx_word' id='word_1_69' title='bbox 1099 1344 1170 1384; x_wconf 89' lang='lat' dir='ltr'>ea</span> <span class='ocrx_word' id='word_1_70' title='bbox 1215 1337 1321 1398; x_wconf 85' lang='lat' dir='ltr'>est,</span> <span class='ocrx_word' id='word_1_71' title='bbox 1349 1337 1434 1383; x_wconf 65' lang='lat' dir='ltr'>‘ut</span> <span class='ocrx_word' id='word_1_72' title='bbox 1475 1327 1549 1385; x_wconf 89' lang='lat' dir='ltr'>ab</span> <span class='ocrx_word' id='word_1_73' title='bbox 1595 1328 1837 1386; x_wconf 81' lang='lat' dir='ltr'>honesto</span> <span class='ocrx_word' id='word_1_74' title='bbox 1878 1347 1999 1387; x_wconf 91' lang='lat' dir='ltr'>non</span> 
     </span>
     <span class='ocr_line' id='line_1_12' title="bbox 422 1424 2000 1498; baseline 0.003 -19"><span class='ocrx_word' id='word_1_75' title='bbox 422 1433 595 1498; x_wconf 82' lang='lat' dir='ltr'>queat</span> <span class='ocrx_word' id='word_1_76' title='bbox 636 1424 926 1498; x_wconf 77' lang='lat' dir='ltr'>separari:</span> <span class='ocrx_word' id='word_1_77' title='bbox 969 1442 1124 1496; x_wconf 88' lang='lat' dir='ltr'>nam,</span> <span class='ocrx_word' id='word_1_78' title='bbox 1168 1433 1228 1481; x_wconf 92' lang='lat' dir='ltr'>et</span> <span class='ocrx_word' id='word_1_79' title='bbox 1268 1424 1421 1498; x_wconf 85' lang='lat' dir='ltr'>quod</span> <span class='ocrx_word' id='word_1_80' title='bbox 1464 1424 1653 1497; x_wconf 87' lang='lat' dir='ltr'>decet,</span> <span class='ocrx_word' id='word_1_81' title='bbox 1694 1425 2000 1483; x_wconf 86' lang='lat' dir='ltr'>honestum</span> 
     </span>
     <span class='ocr_line' id='line_1_13' title="bbox 421 1520 1510 1596; baseline -0.001 -18"><span class='ocrx_word' id='word_1_82' title='bbox 421 1530 543 1590; x_wconf 67' lang='grc' dir='ltr'>θεὶς</span> <span class='ocrx_word' id='word_1_83' title='bbox 586 1529 645 1578; x_wconf 88' lang='lat' dir='ltr'>et</span> <span class='ocrx_word' id='word_1_84' title='bbox 672 1521 825 1596; x_wconf 89' lang='lat' dir='ltr'>quod</span> <span class='ocrx_word' id='word_1_85' title='bbox 852 1520 1161 1582; x_wconf 82' lang='lat' dir='ltr'>honestum</span> <span class='ocrx_word' id='word_1_86' title='bbox 1188 1529 1295 1592; x_wconf 77' lang='lat' dir='ltr'>est,</span> <span class='ocrx_word' id='word_1_87' title='bbox 1324 1520 1510 1578; x_wconf 85' lang='lat' dir='ltr'>decet.</span> 
     </span>
     <span class='ocr_line' id='line_1_14' title="bbox 499 1603 1996 1690; baseline -0.001 -13"><span class='ocrx_word' id='word_1_88' title='bbox 499 1615 715 1677; x_wconf 81' lang='lat' dir='ltr'>Qualis</span> <span class='ocrx_word' id='word_1_89' title='bbox 744 1607 945 1674; x_wconf 55' lang='lat' dir='ltr'>auten&lt;</span> <span class='ocrx_word' id='word_1_90' title='bbox 963 1616 1289 1675; x_wconf 84' lang='lat' dir='ltr'>differentia</span> <span class='ocrx_word' id='word_1_91' title='bbox 1330 1603 1405 1673; x_wconf 82' lang='lat' dir='ltr'>sit</span> <span class='ocrx_word' id='word_1_92' title='bbox 1438 1616 1663 1674; x_wconf 85' lang='lat' dir='ltr'>honesti</span> <span class='ocrx_word' id='word_1_93' title='bbox 1691 1627 1750 1674; x_wconf 82' lang='lat' dir='ltr'>et</span> <span class='ocrx_word' id='word_1_94' title='bbox 1776 1617 1996 1690; x_wconf 86' lang='lat' dir='ltr'>decori,</span> 
     </span>
     <span class='ocr_line' id='line_1_15' title="bbox 422 1712 2001 1791; baseline 0.001 -21"><span class='ocrx_word' id='word_1_95' title='bbox 422 1712 651 1770; x_wconf 83' lang='lat' dir='ltr'>facilius</span> <span class='ocrx_word' id='word_1_96' title='bbox 691 1713 938 1791; x_wconf 79' lang='lat' dir='ltr'>intelligi</span> <span class='ocrx_word' id='word_1_97' title='bbox 980 1731 1152 1789; x_wconf 90' lang='lat' dir='ltr'>quam</span> <span class='ocrx_word' id='word_1_98' title='bbox 1193 1712 1496 1789; x_wconf 82' lang='lat' dir='ltr'>explanari·</span> <span class='ocrx_word' id='word_1_99' title='bbox 1523 1723 1727 1788; x_wconf 84' lang='lat' dir='ltr'>potest.</span> <span class='ocrx_word' id='word_1_100' title='bbox 1807 1713 2001 1775; x_wconf 78' lang='lat' dir='ltr'>Quid-</span> 
     </span>
     <span class='ocr_line' id='line_1_16' title="bbox 329 1808 1999 1886; baseline -0.001 -16"><span class='ocrx_word' id='word_1_101' title='bbox 329 1820 391 1870; x_wconf 89' lang='grc'>15</span> <span class='ocrx_word' id='word_1_102' title='bbox 421 1810 560 1886; x_wconf 87' lang='lat' dir='ltr'>quid</span> <span class='ocrx_word' id='word_1_103' title='bbox 589 1821 678 1868; x_wconf 82' lang='lat' dir='ltr'>est</span> <span class='ocrx_word' id='word_1_104' title='bbox 704 1810 882 1882; x_wconf 84' lang='lat' dir='ltr'>enirn,</span> <span class='ocrx_word' id='word_1_105' title='bbox 912 1811 1065 1886; x_wconf 85' lang='lat' dir='ltr'>quod</span> <span class='ocrx_word' id='word_1_106' title='bbox 1093 1809 1318 1881; x_wconf 83' lang='lat' dir='ltr'>deceat,</span> <span class='ocrx_word' id='word_1_107' title='bbox 1347 1808 1407 1866; x_wconf 89' lang='lat' dir='ltr'>id</span> <span class='ocrx_word' id='word_1_108' title='bbox 1436 1819 1559 1866; x_wconf 77' lang='lat' dir='ltr'>turn</span> <span class='ocrx_word' id='word_1_109' title='bbox 1587 1820 1838 1886; x_wconf 85' lang='lat' dir='ltr'>apparet,</span> <span class='ocrx_word' id='word_1_110' title='bbox 1862 1829 1999 1869; x_wconf 89' lang='lat' dir='ltr'>cum</span> 
     </span>
     <span class='ocr_line' id='line_1_17' title="bbox 423 1905 1998 1984; baseline 0.001 -20"><span class='ocrx_word' id='word_1_111' title='bbox 423 1916 756 1984; x_wconf 75' lang='lat' dir='ltr'>antegressa</span> <span class='ocrx_word' id='word_1_112' title='bbox 806 1915 895 1965; x_wconf 87' lang='lat' dir='ltr'>est</span> <span class='ocrx_word' id='word_1_113' title='bbox 941 1907 1228 1964; x_wconf 77' lang='lat' dir='ltr'>honestas.</span> <span class='ocrx_word' id='word_1_114' title='bbox 1309 1905 1515 1979; x_wconf 84' lang='lat' dir='ltr'>Itaque</span> <span class='ocrx_word' id='word_1_115' title='bbox 1553 1924 1668 1964; x_wconf 90' lang='lat' dir='ltr'>non</span> <span class='ocrx_word' id='word_1_116' title='bbox 1708 1906 1894 1963; x_wconf 79' lang='lat' dir='ltr'>solum</span> <span class='ocrx_word' id='word_1_117' title='bbox 1936 1906 1998 1965; x_wconf 90' lang='lat' dir='ltr'>in</span> 
     </span>
     <span class='ocr_line' id='line_1_18' title="bbox 420 2000 2000 2083; baseline 0.001 -24"><span class='ocrx_word' id='word_1_118' title='bbox 420 2003 532 2061; x_wconf 88' lang='lat' dir='ltr'>hac</span> <span class='ocrx_word' id='word_1_119' title='bbox 570 2013 735 2080; x_wconf 83' lang='lat' dir='ltr'>parte</span> <span class='ocrx_word' id='word_1_120' title='bbox 775 2001 1116 2081; x_wconf 69' lang='lat' dir='ltr'>honestatis,</span> <span class='ocrx_word' id='word_1_121' title='bbox 1142 2001 1215 2083; x_wconf 81' lang='lat' dir='ltr'>de</span> <span class='ocrx_word' id='word_1_122' title='bbox 1255 2001 1370 2076; x_wconf 69' lang='lat' dir='ltr'>qua</span> <span class='ocrx_word' id='word_1_123' title='bbox 1410 2000 1524 2057; x_wconf 82' lang='lat' dir='ltr'>hoc</span> <span class='ocrx_word' id='word_1_124' title='bbox 1555 2001 1689 2059; x_wconf 90' lang='lat' dir='ltr'>loco</span> <span class='ocrx_word' id='word_1_125' title='bbox 1718 2002 2000 2061; x_wconf 81' lang='lat' dir='ltr'>disseren-</span> 
     </span>
     <span class='ocr_line' id='line_1_19' title="bbox 421 2094 1996 2174; baseline 0.002 -21"><span class='ocrx_word' id='word_1_126' title='bbox 421 2098 557 2155; x_wconf 86' lang='lat' dir='ltr'>dum</span> <span class='ocrx_word' id='word_1_127' title='bbox 595 2107 702 2169; x_wconf 86' lang='lat' dir='ltr'>est,</span> <span class='ocrx_word' id='word_1_128' title='bbox 728 2096 833 2154; x_wconf 79' lang='lat' dir='ltr'>sed</span> <span class='ocrx_word' id='word_1_129' title='bbox 873 2095 1048 2154; x_wconf 87' lang='lat' dir='ltr'>etiam</span> <span class='ocrx_word' id='word_1_130' title='bbox 1091 2094 1151 2152; x_wconf 89' lang='lat' dir='ltr'>in</span> <span class='ocrx_word' id='word_1_131' title='bbox 1194 2095 1378 2153; x_wconf 80' lang='lat' dir='ltr'>tribus</span> <span class='ocrx_word' id='word_1_132' title='bbox 1417 2095 1830 2172; x_wconf 75' lang='lat' dir='ltr'>superioribuS,</span> <span class='ocrx_word' id='word_1_133' title='bbox 1858 2099 1996 2174; x_wconf 88' lang='lat' dir='ltr'>quid</span> 
     </span>
     <span class='ocr_line' id='line_1_20' title="bbox 421 2191 2000 2268; baseline 0.002 -19"><span class='ocrx_word' id='word_1_134' title='bbox 421 2192 645 2263; x_wconf 86' lang='lat' dir='ltr'>deceat,</span> <span class='ocrx_word' id='word_1_135' title='bbox 690 2201 960 2267; x_wconf 85' lang='lat' dir='ltr'>apparet:</span> <span class='ocrx_word' id='word_1_136' title='bbox 1001 2210 1136 2248; x_wconf 88' lang='lat' dir='ltr'>nam</span> <span class='ocrx_word' id='word_1_137' title='bbox 1177 2201 1239 2248; x_wconf 89' lang='lat' dir='ltr'>et</span> <span class='ocrx_word' id='word_1_138' title='bbox 1277 2191 1500 2249; x_wconf 88' lang='lat' dir='ltr'>ratione</span> <span class='ocrx_word' id='word_1_139' title='bbox 1536 2192 1621 2249; x_wconf 89' lang='lat' dir='ltr'>uti</span> <span class='ocrx_word' id='word_1_140' title='bbox 1664 2203 1832 2268; x_wconf 84' lang='lat' dir='ltr'>atque</span> <span class='ocrx_word' id='word_1_141' title='bbox 1872 2212 2000 2253; x_wconf 82' lang='lat' dir='ltr'>ora·</span> 
     </span>
     <span class='ocr_line' id='line_1_21' title="bbox 325 2288 1995 2366; baseline 0.001 -19"><span class='ocrx_word' id='word_1_142' title='bbox 325 2297 388 2347; x_wconf 74' lang='lat'>20</span> <span class='ocrx_word' id='word_1_143' title='bbox 421 2289 580 2347; x_wconf 90' lang='lat' dir='ltr'>tione</span> <span class='ocrx_word' id='word_1_144' title='bbox 594 2289 908 2365; x_wconf 86' lang='lat' dir='ltr'>prudenter</span> <span class='ocrx_word' id='word_1_145' title='bbox 922 2308 937 2358; x_wconf 81' lang='lat'><em>3</em></span> <span class='ocrx_word' id='word_1_146' title='bbox 966 2297 1026 2346; x_wconf 88' lang='lat' dir='ltr'>et</span> <span class='ocrx_word' id='word_1_147' title='bbox 1042 2307 1237 2365; x_wconf 86' lang='lat' dir='ltr'>agere,</span> <span class='ocrx_word' id='word_1_148' title='bbox 1256 2288 1410 2364; x_wconf 84' lang='lat' dir='ltr'>quod</span> <span class='ocrx_word' id='word_1_149' title='bbox 1430 2308 1585 2366; x_wconf 59' lang='lat' dir='ltr'>agas»,</span> <span class='ocrx_word' id='word_1_150' title='bbox 1605 2291 1966 2348; x_wconf 79' lang='lat' dir='ltr'>considerate</span> <span class='ocrx_word' id='word_1_151' title='bbox 1980 2312 1995 2362; x_wconf 80' lang='lat'>3</span> 
     </span>
     <span class='ocr_line' id='line_1_22' title="bbox 420 2384 1993 2462; baseline 0.001 -18"><span class='ocrx_word' id='word_1_152' title='bbox 420 2386 694 2462; x_wconf 88' lang='lat' dir='ltr'>omnique</span> <span class='ocrx_word' id='word_1_153' title='bbox 715 2387 775 2444; x_wconf 92' lang='lat' dir='ltr'>in</span> <span class='ocrx_word' id='word_1_154' title='bbox 797 2403 880 2457; x_wconf 84' lang='lat' dir='ltr'>re,</span> <span class='ocrx_word' id='word_1_155' title='bbox 904 2384 1042 2461; x_wconf 88' lang='lat' dir='ltr'>quid</span> <span class='ocrx_word' id='word_1_156' title='bbox 1070 2386 1145 2443; x_wconf 81' lang='lat' dir='ltr'>sit</span> <span class='ocrx_word' id='word_1_157' title='bbox 1166 2386 1304 2457; x_wconf 82' lang='lat' dir='ltr'>ver-i,</span> <span class='ocrx_word' id='word_1_158' title='bbox 1327 2386 1521 2443; x_wconf 85' lang='lat' dir='ltr'>videre</span> <span class='ocrx_word' id='word_1_159' title='bbox 1542 2395 1600 2445; x_wconf 88' lang='lat' dir='ltr'>et</span> <span class='ocrx_word' id='word_1_160' title='bbox 1618 2387 1767 2444; x_wconf 88' lang='lat' dir='ltr'>tueri</span> <span class='ocrx_word' id='word_1_161' title='bbox 1790 2387 1993 2445; x_wconf 85' lang='lat' dir='ltr'>decet:</span> 
     </span>
     <span class='ocr_line' id='line_1_23' title="bbox 422 2482 1996 2558; baseline 0.001 -19"><span class='ocrx_word' id='word_1_162' title='bbox 422 2493 739 2558; x_wconf 80' lang='lat' dir='ltr'>contraque</span> <span class='ocrx_word' id='word_1_163' title='bbox 768 2483 908 2554; x_wconf 85' lang='lat' dir='ltr'>falli,</span> <span class='ocrx_word' id='word_1_164' title='bbox 937 2485 1150 2554; x_wconf 79' lang='lat' dir='ltr'>errare,</span> <span class='ocrx_word' id='word_1_165' title='bbox 1178 2482 1316 2554; x_wconf 87' lang='lat' dir='ltr'>labi,</span> <span class='ocrx_word' id='word_1_166' title='bbox 1345 2482 1557 2558; x_wconf 84' lang='lat' dir='ltr'>decipi,</span> <span class='ocrx_word' id='word_1_167' title='bbox 1586 2493 1700 2540; x_wconf 86' lang='lat' dir='ltr'>tam</span> <span class='ocrx_word' id='word_1_168' title='bbox 1729 2484 1996 2555; x_wconf 87' lang='lat' dir='ltr'>dedecet,</span> 
     </span>
     <span class='ocr_line' id='line_1_24' title="bbox 421 2575 2000 2656; baseline 0.002 -20"><span class='ocrx_word' id='word_1_169' title='bbox 421 2575 592 2654; x_wconf 81' lang='lat' dir='ltr'>quam</span> <span class='ocrx_word' id='word_1_170' title='bbox 621 2580 884 2652; x_wconf 85' lang='lat' dir='ltr'>delirare,</span> <span class='ocrx_word' id='word_1_171' title='bbox 913 2589 972 2637; x_wconf 92' lang='lat' dir='ltr'>et</span> <span class='ocrx_word' id='word_1_172' title='bbox 1011 2590 1206 2638; x_wconf 87' lang='lat' dir='ltr'>mente</span> <span class='ocrx_word' id='word_1_173' title='bbox 1246 2598 1373 2637; x_wconf 79' lang='lat' dir='ltr'>esse</span> <span class='ocrx_word' id='word_1_174' title='bbox 1414 2590 1696 2656; x_wconf 83' lang='lat' dir='ltr'>captum..</span> <span class='ocrx_word' id='word_1_175' title='bbox 1744 2579 1824 2636; x_wconf 92' lang='lat' dir='ltr'>Et</span> <span class='ocrx_word' id='word_1_176' title='bbox 1843 2580 2000 2656; x_wconf 76' lang='lat' dir='ltr'>jueta</span> 
     </span>
     <span class='ocr_line' id='line_1_25' title="bbox 420 2676 2038 2757; baseline 0.002 -24"><span class='ocrx_word' id='word_1_177' title='bbox 420 2676 617 2733; x_wconf 84' lang='lat' dir='ltr'>omnia</span> <span class='ocrx_word' id='word_1_178' title='bbox 642 2677 855 2735; x_wconf 85' lang='lat' dir='ltr'>decora</span> <span class='ocrx_word' id='word_1_179' title='bbox 883 2685 1049 2747; x_wconf 79' lang='lat' dir='ltr'>sunt3</span> <span class='ocrx_word' id='word_1_180' title='bbox 1093 2676 1306 2753; x_wconf 84' lang='lat' dir='ltr'>injusta</span> <span class='ocrx_word' id='word_1_181' title='bbox 1332 2686 1552 2747; x_wconf 86' lang='lat' dir='ltr'>contra,</span> <span class='ocrx_word' id='word_1_182' title='bbox 1582 2684 1645 2732; x_wconf 91' lang='lat' dir='ltr'>ut</span> <span class='ocrx_word' id='word_1_183' title='bbox 1670 2676 1880 2751; x_wconf 87' lang='lat' dir='ltr'>turpia,</span> <span class='ocrx_word' id='word_1_184' title='bbox 1909 2677 1999 2736; x_wconf 83' lang='lat' dir='ltr'>sic</span> <span class='ocrx_word' id='word_1_185' title='bbox 2025 2739 2038 2757; x_wconf 46' lang='lat'><em>0</em></span> 
     </span>
     <span class='ocr_line' id='line_1_26' title="bbox 325 2771 1996 2850; baseline 0.004 -24"><span class='ocrx_word' id='word_1_186' title='bbox 325 2777 390 2826; x_wconf 67' lang='lat'>25</span> <span class='ocrx_word' id='word_1_187' title='bbox 421 2772 712 2832; x_wconf 87' lang='lat' dir='ltr'>indecora.</span> <span class='ocrx_word' id='word_1_188' title='bbox 798 2771 1020 2831; x_wconf 81' lang='lat' dir='ltr'>Similis</span> <span class='ocrx_word' id='word_1_189' title='bbox 1059 2783 1148 2832; x_wconf 84' lang='lat' dir='ltr'>est</span> <span class='ocrx_word' id='word_1_190' title='bbox 1186 2774 1336 2832; x_wconf 90' lang='lat' dir='ltr'>ratio</span> <span class='ocrx_word' id='word_1_191' title='bbox 1392 2771 1770 2832; x_wconf 84' lang='lat' dir='ltr'>fortitudinis:</span> <span class='ocrx_word' id='word_1_192' title='bbox 1840 2774 1996 2850; x_wconf 89' lang='lat' dir='ltr'>quod</span> 
     </span>
     <span class='ocr_line' id='line_1_27' title="bbox 420 2866 1996 2948; baseline 0.001 -21"><span class='ocrx_word' id='word_1_193' title='bbox 420 2871 577 2929; x_wconf 90' lang='lat' dir='ltr'>enim</span> <span class='ocrx_word' id='word_1_194' title='bbox 619 2871 855 2930; x_wconf 87' lang='lat' dir='ltr'>viriliter</span> <span class='ocrx_word' id='word_1_195' title='bbox 914 2870 1221 2946; x_wconf 87' lang='lat' dir='ltr'>animoque</span> <span class='ocrx_word' id='word_1_196' title='bbox 1267 2888 1480 2948; x_wconf 88' lang='lat' dir='ltr'>magno</span> <span class='ocrx_word' id='word_1_197' title='bbox 1519 2868 1601 2940; x_wconf 88' lang='lat' dir='ltr'>fit,</span> <span class='ocrx_word' id='word_1_198' title='bbox 1644 2866 1704 2925; x_wconf 91' lang='lat' dir='ltr'>id</span> <span class='ocrx_word' id='word_1_199' title='bbox 1752 2870 1996 2948; x_wconf 87' lang='lat' dir='ltr'>dignum</span> 
     </span>
    </p>
   </div>
  </div>
 </body>
</html>
