2192 3517
142 209 200 256 L.
222 210 307 257 1n.
311 213 332 270 J
716 209 802 259 nn
845 188 1137 259 omens.
1698 201 1811 262 169

144 359 301 418 veuit
341 359 596 418 Canius:
640 362 872 437 opipare
902 380 936 418 a
960 360 1169 438 Pythio
1214 371 1541 437 apparatum
1565 379 1720 419 con-

144 456 392 515 vivium:
437 458 770 533 cymbarum
814 469 947 515 ante
986 457 1190 515 oculos
1230 458 1567 520 multitudo:
1617 477 1720 534 pro

143 571 207 609 se
247 554 509 628 quisque,
549 554 702 628 quod
734 564 996 629 ceperat,
1027 554 1331 611 afferebat:
1376 563 1507 611 ante
1545 556 1720 630 pedes

143 648 338 725 Pythii
365 650 557 725 pisces
586 651 1001 726 abjiciebantur

223 744 383 802 Tum
437 746 677 818 Canius,
724 746 964 818 Quaeffl),
1009 747 1211 822 inquit,
1255 747 1390 822 quid
1446 756 1532 803 est
1585 747 1780 817 hoc,5
1791 818 1806 826 ‚

143 841 356 917 Pythi?
397 851 697 918 tantumne
723 843 990 919 piscium,
1022 853 1319 901 tantumne
1348 844 1718 919 cymbarum'l

143 938 222 996 Et
277 938 392 1009 ille,
432 937 601 999 Quid
653 940 901 998 mirum?
955 939 1158 1014 inquit.
1242 939 1377 1010 Hoc
1426 939 1569 998 loco.
1612 949 1746 1009 est„

144 1033 451 1110 Syracusis
497 1036 775 1110 quidquid
810 1047 905 1092 ‘est
940 1035 1221 1111 piscium:
1277 1036 1403 1093 haec
1458 1036 1718 1111 aquatio:

142 1131 257 1188 hac
311 1131 445 1188 villa
499 1132 592 1188 isti
649 1151 846 1189 carere
900 1151 1017 1189 non
1070 1142 1325 1207 possunt.
1436 1132 1721 1189 Incensus

143 1227 366 1286 Canius
421 1227 753 1303 cupiditate,
797 1229 1095 1286 contendit
1137 1248 1171 1287 a
1210 1229 1436 1305 Pythio,
1480 1243 1542 1288 ut
1588 1248 1721 1285 ven·
1753 1234 1813 1283 10

144 1324 323 1382 deret.
407 1324 655 1382 Gravate
684 1325 779 1382 ille
806 1325 1006 1400 primo.
1085 1311 1252 1387 Quid
1288 1320 1506 1383 multa?
1548 1325 1722 1402 impe·

143 1430 288 1478 trat:
356 1420 497 1477 emit
564 1421 736 1478 homo
803 1421 1048 1496 cupidus
1102 1431 1161 1478 et
1220 1421 1497 1497 locuples,
1552 1422 1717 1492 tanti,

144 1517 342 1592 quanti
374 1515 615 1591 Pythius
641 1517 851 1586 voluit3
895 1526 954 1574 et
980 1517 1121 1574 emit
1151 1518 1493 1574 instructos:
1537 1518 1720 1574 nomi-

145 1632 223 1670 na
275 1612 447 1670 facit:
515 1613 813 1689 negotium
868 1613 1117 1672 conficit.
1225 1612 1437 1670 Invitat
1502 1614 1722 1671 Canius

143 1709 420 1786 postridie
473 1710 781 1768 familiares
834 1705 986 1767 s'uos.
1068 1709 1248 1767 Venit
1302 1710 1425 1785 ipse
1479 1719 1716 1767 mature.
1755 1713 1816 1760 15

147 1806 442 1864 Scalmum
496 1807 735 1865 nullum⁴
771 1806 942 1864 videt.
1048 1806 1277 1869 Quaerit
1329 1826 1400 1864 ex
1460 1806 1719 1882 proximo

145 1902 359 1974 vicino,
401 1920 540 1959 num
582 1903 739 1961 feriae
787 1903 1045 1978 quaedam
1099 1895 1451 1978 piscatorum
1506 1893 1717 1972 essent,

144 1999 299 2075 quod
339 2018 440 2056 eos
479 1999 667 2058 nullos
705 1999 938 2076 videret.
1021 1998 1213 2057 Nullae
1256 1997 1438 2077 (quod
1485 1989 1717 2078 sciam),

147 2095 332 2171 inquit
373 2095 501 2153 ille:
544 2096 644 2153 sed
686 2095 783 2154 hic
822 2095 1035 2172 piscari
1073 2096 1218 2154 nulli
1259 2095 1479 2153 solent:
1529 2095 1721 2172 itaque

147 2192 271 2250 heri
311 2193 580 2264 mirabar,
618 2192 755 2267 quid
799 2193 1121 2251 accidisset.
1208 2189 1572 2251 Stomachari
1612 2193 1723 2250 Ca·
1753 2202 1817 2252 20

146 2289 294 2347 nius.
381 2289 497 2347 Sed
538 2288 675 2365 quid
718 2288 971 2360 faceret?
1025 2290 1284 2348 nondum
1324 2290 1479 2347 enim
1522 2289 1723 2364 Aquil-

146 2385 279 2456 lius,
323 2385 548 2463 collega
600 2396 659 2443 et
712 2385 1007 2446 familiaris
1059 2404 1240 2456 meus,
1281 2386 1595 2461 protulerat
1648 2386 1720 2443 de

148 2483 284 2542 dolo
324 2484 476 2541 malo
517 2484 823 2541 formulas:
867 2486 924 2541 in
968 2483 1176 2558 quibus
1217 2483 1355 2558 ipsis
1391 2502 1525 2541 cum
1552 2502 1623 2540 ex
1650 2501 1722 2540 eo

148 2591 517 2655 quaereretur,
556 2580 721 2642 Quid
763 2589 915 2638 esset
956 2579 1119 2637 dolus
1158 2579 1373 2649 malus3
1418 2580 1725 2655 responde-

148 2677 266 2748 bat,
310 2677 458 2734 Cum
502 2686 652 2734 esset
701 2676 854 2744 aliud
909 2676 1255 2748 simulatum,
1302 2675 1452 2733 aliud
1510 2685 1719 2734 actum.
1754 2682 1816 2730 25

147 2760 287 2831 Hoc
352 2773 583 2848 quidem
643 2792 781 2830 sane
848 2772 1187 2844 luculenter,
1243 2782 1308 2832 ut
1362 2774 1432 2838 ab
1486 2770 1721 2828 homine

144 2870 334 2947 perito
381 2869 711 2928 definiendi.
813 2869 970 2947 Ergo
1010 2879 1070 2927 et
1112 2868 1371 2945 Pythius,
1416 2878 1474 2926 et
1520 2865 1722 2925 omnes

147 2968 304 3027 aliud
339 2976 593 3046 agentes,
627 2965 781 3023 aliud
822 2966 1175 3038 simulantes,
1203 2965 1423 3041 perfidi,
1454 2962 1719 3040 improbi,

623 3062 698 3120 15
