2192 3517
321 189 435 250 1⁰4
988 199 1075 248 m:
1121 198 1413 250 osricus.
1649 202 1654 206 ·
1829 198 1910 259 u..
1931 198 1996 248 n.

407 350 669 424 mestica,
712 350 1003 418 recordor.
1087 351 1503 412 Verumtamen
1560 348 1836 426 quamdiu
1891 347 1996 407 im-

406 449 630 526 perium
670 448 870 526 populi
906 449 1163 508 Romani
1193 445 1494 508 beneficiis
1520 442 1848 518 tenebatur,
1872 465 1992 504 non

408 546 651 623 injuriis,
709 546 862 604 bella
917 556 1015 605 aut
1065 566 1174 623 pro
1238 545 1415 604 sociis
1471 554 1570 603 aut
1621 543 1696 602 de
1750 543 1991 620 imperio

406 645 787 721 gerebantur3
832 644 1021 702 exitus
1048 654 1214 703 erant
1240 643 1519 703 bellorum
1550 653 1649 701 aut
1674 642 1863 715 miteS,
1894 652 1993 700 aut

345 755 380 805 5
406 743 740 802 necessarii.
822 743 1078 820 Regum,
1121 742 1480 819 populorum,
1513 741 1836 812 nationum,
1864 759 1995 816 por·

406 851 501 899 tus
554 852 677 900 erat
729 851 788 899 et
841 840 1132 917 refugium
1186 849 1438 898 senatus.
1538 837 1744 897 Nostri
1797 848 1990 897 autem

406 940 776 1018 magistratus
842 938 1350 1015 imperatoresque,
1404 956 1478 996 ex
1543 937 1656 997 hac
1723 936 1841 994 una
1906 951 1992 1009 re,

406 1036 716 1096 maximam
770 1037 1001 1095 laudem
1053 1054 1265 1112 capere
1304 1036 1632 1107 studebant,
1675 1034 1725 1092 si
1765 1034 1996 1110 provin·

407 1136 550 1208 cias,
600 1135 650 1193 si
703 1134 916 1206 socios,
971 1133 1242 1209 aequitate
1296 1143 1356 1192 et
1409 1132 1524 1192 fide
1578 1132 1990 1191 defendissent.

317 1230 379 1280 1⁰
405 1231 610 1307 Itaque
678 1231 820 1291 illud
883 1231 1276 1309 patrocinium
1330 1231 1489 1289 orbis
1551 1241 1719 1290 terrae
1779 1230 1992 1304 verius,

404 1348 578 1405 quam
646 1328 972 1406 imperium,
1040 1338 1269 1406 poterat
1333 1328 1641 1402 nominari.
1761 1327 1993 1386 Sensim

405 1426 559 1485 hanc
598 1426 1093 1485 *consuetudinem
1137 1437 1198 1485 et
1238 1424 1605 1502 disciplinam
1652 1426 1773 1503 jam
1823 1435 1995 1484 antea

404 1523 841 1595 minuebamus3
882 1534 1012 1602 post
1038 1543 1177 1582 vero
1206 1523 1384 1582 Sullae
1412 1523 1731 1596 victoriam,
1759 1523 1994 1601 penitus

408 1620 737 1680 amisimus:
805 1621 1054 1681 desitum
1104 1631 1191 1679 est
1244 1621 1400 1679 enim
1449 1621 1630 1679 videri
1678 1621 1994 1697 quidquam

316 1721 389 1772 15¹
408 1717 468 1778 in
509 1718 702 1777 socios
743 1719 1024 1802 iniquum,
1055 1739 1189 1778 cum
1220 1719 1531 1778 exstitisset
1558 1719 1620 1777 in
1648 1713 1806 1777 cives
1834 1728 1997 1778 tanta

406 1813 734 1878 crudelitas.
818 1818 976 1897 Ergo
1028 1819 1089 1877 in
1145 1818 1245 1876 illo
1299 1829 1502 1877 secuta
1554 1827 1643 1876 est
1690 1819 1996 1876 honestam

404 1931 639 1974 causam
680 1934 800 1973 non
841 1916 1086 1974 honesta
1127 1915 1385 1973 victoria.
1469 1914 1578 1974 Est
1618 1915 1775 1973 enim
1820 1934 1995 1973 ausus

404 2011 625 2084 dicere,
651 2012 818 2070 hasta
855 2012 1063 2088 posita,
1093 2030 1230 2069 cum
1271 2012 1427 2071 bona
1466 2012 1528 2070 in
1563 2013 1689 2072 foro
1716 2013 1996 2071 venderet

404 2117 465 2165 et
516 2108 802 2167 bonorum
855 2109 1128 2181 virorum,
1182 2118 1241 2166 et
1294 2108 1670 2187 locupletum,
1726 2121 1786 2169 et
1832 2121 1995 2170 certe

314 2209 378 2262 m
406 2204 641 2278 civium,
668 2205 919 2283 praedam
948 2223 1113 2264 suam
1142 2225 1206 2264 se
1231 2208 1499 2267 vendere.

482 2302 734 2360 Secutus
788 2312 894 2375 est,
951 2302 1070 2379 qui,
1128 2302 1188 2361 in
1245 2304 1423 2362 causa
1491 2305 1688 2382 impia,
1745 2304 1993 2364 victoria

402 2399 576 2458 etiam
628 2399 891 2472 foediore,
946 2419 1066 2459 non
1136 2401 1496 2480 singulorum
1553 2401 1767 2462 citium
1837 2404 1995 2462 bona

400 2494 742 2571 publicaret,
774 2497 876 2555 sed
904 2498 1203 2555 universas
1242 2500 1573 2574 provincias
1604 2501 1993 2578 regionesque

404 2610 522 2650 uno
568 2592 914 2658 calamitatis
955 2594 1086 2671 jure
1136 2596 1669 2672 comprehenderet.
1762 2596 1991 2674 Itaque,

315 2694 380 2745 25
403 2679 622 2748 vexatis
662 2700 721 2748 et
758 2691 999 2768 perditis
1040 2693 1252 2750 exteris
1293 2694 1646 2768 nationibuS,
1693 2695 1764 2753 ad
1801 2715 1995 2753 exem-

402 2787 562 2864 plum
612 2788 805 2846 amissi
853 2789 1080 2865 imperii
1127 2790 1342 2866 portari
1392 2791 1452 2849 in
1500 2792 1792 2868 triumpho
1835 2791 1997 2851 Mas-

405 2883 591 2942 siliam
638 2885 903 2959 vidimus,
947 2896 1007 2944 et
1054 2903 1127 2944 ex
1167 2886 1239 2944 ea
1288 2888 1431 2946 urbe
1471 2889 1834 2965 triumphari,
1864 2891 1996 2949 sine

406 2980 521 3057 qud
547 3001 839 3061 nunquam
871 2984 1055 3042 nostri
1084 2983 1458 3063 imperatores
1486 3005 1560 3044 ex
1585 2985 1998 3064 Transalpinis
