2192 3517
334 152 406 209 14
995 166 1082 212 DE
1124 167 1414 226 omens.
1856 165 1933 227 [1,.
1959 169 1997 218 1.

496 310 566 368 In
582 312 894 389 primisque
917 313 1172 373 hominis
1190 324 1280 373 est
1294 315 1530 392 propria
1546 317 1665 373 veti
1683 315 1999 391 inquisitio,

420 417 591 484 atque
620 410 1005 488 investigatio.
1084 412 1314 489 Itaque,
1342 431 1476 470 cum
1510 432 1708 469 sumus
1736 431 2003 471 necessa·

417 507 517 563 riis
544 507 796 583 negotiis
837 508 1112 584 curisque
1151 505 1339 582 vacui,
1368 519 1491 567 tum
1523 529 1753 586 avemus
1782 509 2002 584 aliquid

416 602 631 675 videre,
653 604 871 677 audite,
891 605 1193 665 addiscere
1216 625 1230 663 ι
1274 597 1781 682 cognitionemque
1803 624 2000 672 rerum

351 705 386 753 ὅ
418 709 514 758 aut
542 701 902 760 occultarum
933 711 1032 760 aut
1059 701 1484 766 admirabilium
1515 685 1592 759 aclx
1615 703 1781 759 beate
1808 702 2004 760 viven-

416 797 561 856 dum
595 799 983 857 necessariam
1022 797 1329 856 ducimus:
1372 817 1445 856 ex
1483 817 1598 874 quo
1637 798 1999 876 intelligitur,

414 895 570 971 quod
613 915 830 967 verum,
874 894 1138 971 simplex,
1180 895 1587 970 sincerumque
1633 894 1726 968 sit,
1769 894 1830 952 id
1869 913 2001 956 esse
2087 887 2092 896 ⁹

413 1002 634 1050 naturae
663 991 916 1050 hominis
943 991 1319 1067 aptissimum.

494 1089 655 1148 Huic
683 1088 804 1147 veri
840 1089 1077 1147 videndi
1120 1088 1424 1166 cupiditati
1466 1088 1737 1165 adjuncta
1774 1099 1864 1146 est
1905 1108 2002 1167 ap-

321 1199 385 1256 lo
411 1186 620 1263 petitio
670 1186 933 1262 quaedam
987 1186 1368 1263 principatus,
1416 1196 1479 1243 ut
1511 1186 1747 1243 -nemini
1792 1204 2002 1262 piu-ere

415 1282 643 1342 animus
668 1283 818 1341 bene
848 1302 882 1340 a
908 1283 1118 1341 natura
1159 1282 1504 1340 informatus
1530 1283 1688 1354 velit,
1717 1283 1827 1340 nisi
1855 1302 1999 1359 prm-

413 1373 674 1457 cipienti,
719 1390 817 1437 aut
858 1379 1116 1453 docenti,
1159 1390 1279 1453 aut,
1314 1379 1580 1438 utilitatis
1620 1380 1818 1451 causa,
1841 1380 1998 1457 juste

412 1488 471 1535 et
510 1476 770 1553 legitime
812 1476 1153 1553 imperanti:
1187 1464 1270 1534 ⁴ex
1304 1496 1419 1552 quo
1448 1477 1626 1535 animi
1657 1476 1998 1556 magnitudo
2055 1481 2070 1521 ·‘

409 1571 654 1641 exsistit,
685 1575 1181 1650 humanarumque
1206 1592 1397 1633 rerum
1425 1574 1799 1650 contemptio,

318 1670 382 1719 15
488 1667 624 1728 Nec
652 1689 790 1728 vero
820 1671 918 1729 illa
943 1690 1121 1748 parva
1147 1671 1232 1729 vis
1259 1681 1477 1729 naturae
1506 1681 1594 1730 est
1621 1671 1996 1746 rationisque,

410 1767 565 1848 quod
589 1787 766 1825 unum
791 1769 904 1825 hoc
928 1762 1139 1827 animal
1161 1767 1355 1838 sentit,
1376 1768 1515 1845 quid
1531 1768 1612 1825 sit
1631 1768 1811 1838 ‘ord03
1855 1767 1996 1843 quid

409 1865 505 1937 sit,
534 1865 690 1940 quod
719 1865 960 1935 deceat3
1006 1866 1064 1922 in
1094 1864 1265 1922 sactis
1304 1864 1594 1939 dictisque
1630 1864 1726 1940 qui
1766 1865 1991 1924 modus.

409 1959 615 2035 Itaque
642 1978 843 2017 eorum
872 1961 1152 2035 ipsorum,
1183 1978 1312 2034 qum
1341 1959 1993 2035 adspectusentiuntur,

408 2056 633 2120 nullum
689 2056 871 2122 aliud⁴
901 2055 1114 2113 animal
1167 2054 1684 2132 pulchritudinem,
1730 2067 1996 2117 venusta-

314 2163 380 2214 „
408 2151 547 2225 tem,
577 2151 1043 2210 convenientiam
1069 2152 1322 2228 partium
1341 2152 1550 2212 sentit:
1593 2172 1765 2229 quam
1793 2153 1994 2214 simili·

408 2250 668 2307 tudinem
725 2259 931 2307 natura
970 2248 1234 2324 ratioque
1277 2249 1352 2307 ab
1390 2249 1579 2308 oculis
1621 2251 1692 2308 ad
1736 2251 1992 2312 animum

408 2335 779 2420 transferens,
813 2345 996 2404 multo
1035 2345 1212 2404 etiam
1255 2345 1441 2423 magis
1479 2347 1991 2423 pulchritudinem,

408 2442 816 2513 constantiam,
845 2441 1110 2499 ordinem
1140 2439 1201 2502 in
1229 2441 1493 2508 consiliis
1534 2443 1815 2518 factisque
1851 2462 1992 2502 con-

407 2538 749 2595 servandum
798 2548 995 2613 putat:
1052 2548 1359 2613 cavetque,
1402 2558 1478 2600 ne
1521 2539 1658 2614 quid
1714 2540 1990 2598 indecore

313 2641 379 2693 ὕ
406 2633 806 2694 effeminateve
834 2634 1046 2694 faciat:
1087 2644 1237 2709 tum,
1266 2635 1325 2692 in
1363 2635 1632 2694 omnibus
1672 2645 1730 2692 et
1770 2635 1992 2710 opinio-

407 2731 582 2789 nibus
609 2741 667 2788 et
696 2730 883 2801 sactis,
913 2749 987 2788 ne
1027 2732 1169 2806 quid
1212 2731 1523 2790 libidinose
1561 2742 1658 2789 aut
1687 2731 1863 2789 faciat
1891 2743 2012 2791 aut·

407 2828 645 2905 cogitet.
724 2826 964 2888 Quibus
1001 2845 1077 2885 ex
1115 2828 1292 2885 rebus
1330 2827 1615 2885 conflatur
1646 2836 1706 2884 et
1740 2828 1989 2886 efficitur
2025 2811 2028 2814 Ἴ

408 2922 490 2998 id,
521 2924 676 3000 quod
731 2923 1063 2999 quaetimus,
1104 2923 1451 2996 honestum3
1509 2924 1682 3001 quod,
1722 2925 1900 2984 etiam
1933 2925 1992 2982 εἰ
