2192 3517
224 235 280 301 1..
299 231 383 315 1121
799 249 886 300 nn
930 249 1221 301 omens.
1599 223 1608 260 ⁸
1779 237 1894 299 116
1965 304 1976 319 ‚

221 401 619 479 persequimur
661 402 897 480 ingenio
940 421 1009 460 ac
1047 401 1292 473 ratione,
1322 399 1611 478 graviores
1648 409 1800 470 sunt,

204 513 394 575 .quam
425 498 557 571 illae,
586 517 726 576 quas
754 499 986 557 viribus.
1070 498 1266 556 Prima
1307 498 1480 575 igitur
1512 515 1805 555 commen·

224 595 382 653 datio
434 596 819 672 proficiscitur
874 616 908 653 a
954 594 1256 678 modestist,
1298 604 1421 652 tum
1473 594 1687 670 pietate
1741 593 1802 651 in

222 701 509 768 parentes,
551 700 674 748 tum
716 690 776 748 in
812 709 952 749 suos
999 690 1424 750 benevolentia.
1501 688 1803 747 Facillime

226 797 418 844 autem
447 796 505 844 et
533 788 592 844 in
619 771 894 863 optimam
933 796 1155 863 partem
1197 795 1629 863 cognoscuntur
1673 785 1805 842 ado·
1828 790 1864 841 Β

222 882 528 954 lescentes,
572 884 670 959 qui
718 903 780 942 se
831 884 903 942 ad
950 884 1139 942 claros
1193 892 1250 940 et
1298 882 1585 958 sapientes
1631 881 1803 954 viros,

223 980 373 1037 bene
414 980 784 1038 consulentes
830 980 1187 1056 reipublicae,
1229 979 1628 1037 contulerunt:
1684 977 1807 1053 qui-

222 1076 468 1133 buscum
510 1076 559 1133 si
600 1063 927 1151 frequentes
982 1084 1134 1147 sunt,
1175 1075 1506 1152 opinionem
1561 1074 1806 1132 afferunt

219 1173 454 1249 populo,
498 1191 698 1234 eorum
737 1157 860 1230 fore
900 1157 1137 1244 similes,
1169 1191 1309 1248 quos
1348 1171 1459 1230 sibi
1502 1171 1611 1249 ipsi
1652 1171 1807 1229 dele-

221 1268 413 1346 gerint
443 1269 514 1326 ad
542 1268 900 1328 imitandum.
1387 1297 1392 1304 ·
1831 1275 1895 1327 10

258 1364 365 1449 ΙΡ.
422 1364 635 1423 Rutilii
703 1351 1175 1440 adolescentiam,
1232 1366 1304 1424 ad
1361 1365 1691 1442 opinionem
1744 1373 1804 1421 et

224 1460 575 1519 innocentiae
616 1472 675 1520 et
708 1462 854 1540 juris
881 1463 1162 1534 scientiae,
1190 1462 1255 1521 P.
1286 1461 1474 1520 Mucii
1515 1480 1805 1520 commen·

223 1556 379 1614 davit
434 1558 654 1618 domus.
738 1558 894 1617 Nam
950 1559 1016 1617 L.
1064 1559 1297 1634 quidem
1352 1559 1616 1629 Crassus,
1666 1575 1812 1615 cum-

224 1663 376 1711 esset
419 1654 726 1712 admodum
770 1637 1128 1727 adolescens,
1157 1674 1275 1712 non
1319 1654 1551 1712 aliunde
1583 1663 1805 1711 mutua-

200 1735 317 1807 'tus
357 1761 464 1821 est,
508 1750 609 1807 sed
650 1751 760 1808 sibi
801 1751 924 1827 ipse
963 1752 1184 1828 peperit
1226 1752 1529 1809 maximam
1571 1750 1802 1808 laudem
1832 1756 1894 1806 15

221 1865 294 1903 ex
334 1846 434 1904 illa
483 1848 856 1905 accusatione
904 1848 1089 1905 nobili
1135 1857 1193 1905 et
1239 1847 1525 1924 gloriosa:
1567 1856 1644 1918 et,
1688 1846 1803 1921 qua

223 1953 409 2015 aetate,
438 1943 536 2019 qui
579 1955 939 2015 exercentur,
969 1943 1139 2002 laude
1182 1944 1332 2001 affici
1373 1943 1579 2014 solent,
1612 1942 1702 2020 (ut
1729 1943 1803 2000 de

220 2035 620 2096 Demosthene
674 2040 1031 2118 accepimus)
1087 2039 1157 2097 ea
1213 2049 1381 2097 aetate
1434 2038 1501 2096 L.
1557 2039 1803 2096 Crassus

220 2135 494 2205 ostendit,
524 2134 582 2191 id
624 2154 688 2192 se
727 2135 787 2192 in
829 2136 956 2193 foro
996 2137 1212 2212 optime
1245 2135 1364 2214 jam
1406 2136 1616 2209 facere,
1648 2136 1801 2211 quod

219 2230 398 2288 etiam
425 2240 548 2288 tum
574 2241 799 2308 poterat
824 2232 982 2290 domi
1011 2233 1346 2290 cum‘laude
1372 2232 1655 2294 meditari.
1830 2247 1895 2297 πο

300 2423 468 2481 XIV.
530 2425 669 2496 Sed,
725 2444 857 2482 cum
912 2426 1124 2502 duplex
1178 2425 1324 2484 ratio
1376 2425 1451 2483 sit
1504 2426 1802 2497 orationis,

220 2539 463 2595 quarum
507 2520 567 2578 in
612 2522 790 2578 alterii
831 2513 1020 2579 sermo
1048 2523 1141 2593 sit,
1171 2521 1227 2579 in
1263 2522 1438 2579 alterii
1467 2522 1801 2592 contenti03

220 2634 342 2674 non
383 2626 471 2673 est
508 2617 565 2674 id
609 2617 840 2692 quidem
883 2618 1144 2690 dubium,
1173 2619 1312 2694 quin
1351 2618 1648 2675 contentio
1680 2637 1804 2675 ora·

217 2711 399 2770 tionis
446 2713 721 2790 majorem
771 2714 883 2771 vim
925 2715 1136 2772 habeat
1180 2715 1249 2771 ad
1291 2714 1566 2791 gloriam:
1610 2729 1682 2770 ea
1716 2722 1802 2769 est

217 2810 398 2880 enim,
441 2829 611 2885 quam
655 2810 1043 2885 eloquentiam
1101 2810 1365 2868 dicimus.
1450 2810 1567 2867 Sed
1608 2818 1799 2866 tamen
1827 2815 1892 2867 25

216 2905 458 2963 difficile
498 2905 656 2963 dictu
700 2918 806 2978 est,
848 2916 1203 2984 quantopere
1250 2906 1525 2964 conciliet
1582 2906 1803 2963 animos

218 3000 519 3059 hominum
562 3001 807 3060 comitas
849 3003 1265 3078 affabilitasque
1306 3001 1603 3062 sermonis,
1688 3000 1802 3060 Ex-
