2192 3517
209 213 268 258 ι..
289 213 375 272 ιι]
522 199 529 208 “
756 254 767 265 .
790 215 878 262 m:
914 215 1208 264 omens.
1797 206 1880 265 99

205 381 322 438 que
361 382 425 420 m
469 382 577 422 usu
616 373 676 421 et
714 364 1059 423 tractatione
1099 363 1438 438 belluarum,
1467 364 1611 424 fiunt
1637 365 1790 424 utili·

205 471 296 518 ter
354 460 428 519 ad
480 461 780 519 hominum
823 461 1020 534 vitam,
1067 451 1285 520 artibus
1335 482 1407 521 ea
1457 463 1786 522 tribuuntur

205 557 504 634 operosis:
551 558 851 616 hominum
892 568 1082 617 autem
1126 559 1335 631 studia,
1365 559 1435 617 ad
1480 560 1787 637 amplifica-

206 654 429 713 tionem
483 664 807 713 nostrarum
875 674 1065 714 rerum
1132 665 1393 732 prompta
1447 674 1515 714 ac
1566 668 1782 734 parata,

209 751 458 809 virorum
499 751 890 826 praestantium
932 752 1214 827 sapientia
1260 762 1322 810 et
1376 751 1580 810 virtute
1633 753 1786 811 exci·
1812 758 1845 808 5

205 857 419 907 tantur.

289 943 522 1002 Etenim
577 945 756 1003 virtus
819 946 1008 1006 omnis
1072 945 1258 1006 tribus
1312 947 1373 1005 in
1427 948 1599 1006 rebus
1664 948 1784 1007 sere

206 1040 479 1112 vertitur3
528 1060 769 1118 quarum
794 1062 927 1101 -una
960 1053 1053 1101 est
1092 1043 1152 1102 in
1192 1043 1616 1121 perspiciendo,
1646 1045 1785 1122 qui'd

207 1139 270 1198 in
332 1137 558 1214 quaque
624 1158 689 1197 re
752 1155 950 1200 verum
1014 1140 1421 1218 sincerumque
1486 1141 1579 1215 sit,
1645 1141 1784 1218 quid

207 1246 663 1294 consentaneum
703 1236 934 1312 cuique,
962 1237 1103 1313 quid
1143 1257 1520 1314 consequens,
1557 1258 1629 1298 ex
1668 1257 1783 1316 quo
1814 1243 1876 1292 10

205 1348 445 1410 quaeque
484 1333 814 1411 gignantur,
852 1349 979 1410 quae
1021 1334 1300 1412 cujusque
1339 1335 1425 1393 rei
1463 1354 1638 1394 causa
1673 1336 1780 1407 sit3
1853 1346 1858 1356 '

209 1430 471 1502 alterum,
517 1430 787 1488 cohibere
840 1441 1030 1490 motus
1084 1431 1260 1491 animi
1311 1433 1589 1506 turbatos,
1637 1451 1783 1510 quos

204 1527 401 1585 Graeci
456 1527 620 1596 Πάθη
672 1528 1006 1599 nominant3
1074 1528 1584 1605 appetitionesque‚
1640 1548 1782 1606 quas

207 1623 292 1681 illi
334 1625 563 1696 Ὀρμάς,
593 1623 930 1682 obedientes
968 1624 1201 1682 efficere
1240 1624 1482 1696 rationi3
1526 1625 1778 1697 tertium,

206 1718 299 1790 iis,
343 1717 686 1794 quibuscum
741 1735 1180 1797 congregamur,
1236 1719 1320 1778 uti
1374 1720 1667 1778 moderate
1720 1731 1779 1780 et
1812 1722 1874 1772 15

203 1797 476 1887 scienter,
520 1833 763 1890 quorum
817 1814 1023 1872 studiis
1065 1832 1155 1886 ea,
1195 1834 1323 1890 quan
1375 1825 1580 1874 natura
1633 1814 1781 1873 desi·-

204 1912 387 1983 derat‚
415 1911 641 1988 expleta
681 1911 1087 1987 cumulataque
1115 1911 1459 1982 habeamus3
1514 1930 1616 1988 per
1655 1929 1782 1969 eos-

203 2008 474 2084 demque,
515 2008 565 2065 si
604 2008 740 2085 quid
789 2008 1128 2084 importetur
1181 2005 1349 2065 nobis
1404 2008 1776 2080 incommodi,

201 2105 622 2182 ptopulsemus,
690 2087 1150 2180 ulciscamurque
1213 2124 1335 2177 eos,
1401 2105 1499 2181 qui
1565 2124 1778 2164 nocere

203 2201 375 2260 nobis
428 2201 620 2258 conati
674 2200 809 2272 sint,
863 2201 1138 2277 tantaque
1201 2201 1375 2277 poena
1443 2201 1776 2274 afficiamus,
1809 2214 1873 2265 2⁰

204 2307 478 2373 quantam
507 2297 741 2374 aequitas
767 2297 1206 2373 humanitasque
1231 2298 1497 2374 patiatur.

283 2490 389 2548 VI.
430 2490 666 2553 Quibus
704 2500 895 2550 autem
923 2492 1241 2550 rationibus
1267 2492 1420 2551 hanc
1449 2492 1778 2553 facultatem

206 2587 432 2664 assequi
458 2588 764 2665 possimne,
794 2603 858 2646 ut
889 2588 1189 2646 hominum
1215 2590 1404 2648 studia
1431 2592 1778 2667 complecta-

206 2702 353 2756 mur,
383 2703 564 2760 eaque
589 2694 908 2758 teneamus,
939 2686 1199 2744 dicemus
1215 2707 1230 2757 ;
1273 2705 1461 2762 neque
1487 2687 1570 2746 ita
1595 2688 1776 2746 multo

203 2790 368 2856 post:
425 2780 526 2840 sed
565 2799 755 2857 pauca
796 2791 928 2839 ante
968 2782 1217 2841 dicenda
1253 2793 1404 2841 sunt.
1499 2782 1776 2861 Magnam
1808 2798 1884 2849 25·

205 2876 319 2934 vim
373 2894 501 2934 esse
542 2876 603 2935 in
655 2877 887 2935 fortuna
918 2879 1002 2936 'in
1057 2889 1355 2954 utramque
1407 2889 1646 2955 partem,
1687 2879 1775 2937 vel

204 2971 491 3031 secundas
520 2974 591 3031 ad
618 2992 710 3032 res
736 2974 823 3032 vel
855 2974 1141 3047 adversas,
1167 2974 1296 3051 quis
1337 2975 1597 3053 ignorat?
1644 2993 1778 3034 nam
