2192 3517
207 210 271 257 1..
290 209 385 271 η]
776 207 863 254 ns
902 206 1193 254 orl-'lons
1799 193 1880 253 95

207 354 553 428 honestum,
584 355 740 414 idem
787 354 1038 432 justum:
1102 373 1176 412 ex
1220 369 1335 430 quo
1388 352 1656 424 efficitur,
1708 361 1788 423 ut,

207 453 494 531 quidquid
536 454 843 512 honestum
890 452 986 524 sit,
1036 451 1192 509 idem
1238 450 1315 509 sit
1356 450 1515 509 utile.
1573 448 1790 512 -Quod

207 552 311 628 qui
354 570 557 627 parum
598 549 978 627 perspiciunt,
1007 548 1068 605 hi
1111 567 1284 624 saepe,
1314 557 1573 605 versutos
1610 545 1792 606 homi·

209 667 321 708 nes
346 658 407 706 et
447 647 688 710 callidos
730 646 1100 718 admirantes,
1129 645 1408 704 malitiam
1451 644 1789 720 sapientiam

204 742 492 820 judicant.
573 740 848 804 Quorum
875 757 1037 799 error
1075 739 1409 815 eripiendus
1435 749 1542 809 est,
1570 738 1791 814 opinio·
1816 747 1850 795 5

211 858 329 915 que
368 837 558 896 omnis
587 838 657 896 ad
686 857 814 896 eam
843 857 1001 914 spem
1034 836 1414 907 traducenda,
1446 846 1508 893 ut
1534 834 1792 892 honestis

213 935 478 994 consiliis
509 935 795 1011 justisque
833 934 1021 1006 saetis,
1049 953 1169 992 non
1212 933 1414 992 frande
1451 941 1511 989 et
1552 931 1791 1005 malitia,

213 1052 279 1091 se
308 1031 634 1109 intelligant
659 1050 749 1103 ea,
778 1050 906 1107 quoe
935 1031 1132 1102 velint,
1162 1030 1436 1105 consequi
1465 1041 1654 1105 posse.

292 1129 450 1193 Quae
485 1147 625 1207 ergo
655 1128 724 1186 ad
753 1128 928 1186 vitam
967 1128 1269 1188 hominum
1309 1125 1580 1194 tuendam
1620 1125 1795 1202 perti·

214 1235 379 1298 nent,
405 1226 615 1302 partim
653 1235 789 1283 sunt
820 1225 1094 1296 inanima,
1125 1235 1188 1283 ut
1217 1243 1438 1295 aurum,
1470 1232 1791 1301 argentum,
1822 1232 1886 1282 1⁰

213 1332 282 1382 ut
320 1342 412 1394 ea,
446 1341 574 1399 quae
619 1321 935 1406 gignuntur
974 1340 1009 1378 e
1055 1320 1230 1393 terra,
1274 1330 1339 1378 ut
1382 1320 1495 1378 alia
1536 1320 1793 1397 ejusdem

216 1419 481 1498 generis3
523 1419 729 1495 partim
774 1418 1063 1490 animalia,
1092 1437 1219 1493 quae
1260 1418 1473 1476 habent
1512 1437 1650 1476 suos
1689 1417 1794 1494 im·

214 1526 409 1593 petuS,
449 1524 509 1573 et
554 1533 744 1573 rerum
796 1514 1096 1591 appetitm.
1175 1514 1397 1574 ‚Eorum
1443 1525 1633 1572 autem
1683 1514 1794 1572 alia

215 1612 461 1671 rationis
534 1611 791 1694 expertia
859 1621 1013 1683 sunt,
1085 1611 1201 1669 alia
1264 1610 1486 1670 ratione
1552 1610 1790 1669 utentia.

217 1709 501 1787 Expertes
540 1707 801 1781 rationis,
838 1709 993 1784 equi,
1023 1709 1218 1779 boves,
1245 1707 1479 1783 reliquae
1517 1707 1792 1784 pecudes,
1822 1715 1885 1765 15

218 1824 377 1883 apes,
407 1825 644 1880 quarum
673 1824 848 1882 opere
876 1804 1123 1862 efficitur
1154 1804 1366 1879 aliquid
1393 1804 1465 1861 ad
1497 1803 1793 1862 hominum

216 1921 389 1960 usum
444 1912 613 1977 atque
665 1902 858 1960 vitam.
951 1900 1209 1959 Ratione
1265 1910 1454 1958 autem
1510 1899 1794 1957 utentium

216 1999 338 2056 duo
364 2018 581 2076 genera
603 2009 925 2075 ponuntur-3
968 2017 1170 2069 unum,
1200 1997 1487 2068 Deorum3
1532 1996 1794 2070 alterum,

216 2094 537 2154 hominum.
568 2171 573 2176 Δ
619 2095 779 2154 Deos
814 2094 1074 2171 placatos
1099 2094 1283 2171 pietas
1308 2093 1521 2151 efficiet
1547 2103 1606 2151 et
1632 2112 1798 2151 sane-

218 2191 388 2249 titas:
430 2190 693 2267 proxime
732 2201 943 2263 autem,
970 2202 1031 2249 et
1057 2191 1377 2248 seeundum
1406 2190 1585 2263 Deos,
1616 2191 1797 2249 homi·
1822 2202 1886 2252 m

218 2307 328 2346 nes
393 2288 725 2346 hominibus
791 2288 1041 2347 maxime
1112 2287 1285 2346 utiles
1348 2306 1476 2345 esse
1540 2297 1793 2368 possunt.

220 2383 553 2461 Earumque
592 2387 805 2457 reruni,
832 2405 958 2460 quae
988 2394 1241 2442 noceant
1265 2393 1325 2443 et
1350 2384 1564 2456 obsint,
1589 2385 1795 2442 eadem

220 2480 430 2538 divisio
456 2491 560 2539 est.
644 2480 785 2553 Sed,
811 2481 948 2557 quia
974 2481 1133 2538 Deos
1163 2498 1377 2538 nocere
1416 2499 1533 2539 non
1571 2490 1795 2557 putant,

220 2576 315 2635 his
359 2577 635 2654 exceptis,
685 2577 950 2636 homines
997 2578 1328 2636 hominibus
1373 2578 1577 2636 obesse
1622 2578 1797 2655 pluri-

220 2664 404 2745 mum,
432 2674 520 2731 vel
559 2674 848 2750 prodesse,
881 2674 1244 2734 arbitrantur.
1327 2674 1418 2732 Ea
1455 2673 1608 2731 enim
1653 2673 1794 2748 ipsa,
1822 2688 1887 2738 25
1950 2667 1954 2671 ’

221 2789 350 2846 quae
392 2770 648 2829 inanima
686 2771 956 2843 diximus,
996 2771 1267 2847 pleraque
1320 2781 1455 2828 sunt
1497 2770 1795 2828 hominum

219 2867 423 2945 operis·
454 2868 680 2940 effecta,
710 2887 837 2944 quae
881 2888 991 2925 neo
1036 2861 1395 2939 haberemus,
1440 2866 1550 2923 nisi
1596 2883 1798 2923 manus

222 2973 287 3025 et
346 2983 440 3025 ars
499 2964 911 3036 accessissent3
979 2983 1091 3023 nee
1143 2963 1253 3033 his,
1307 2964 1434 3022 sine
1500 2961 1795 3021 hominum
