2192 3517
217 198 269 244 t..
290 199 353 258 L]
795 193 901 242 DE*
922 193 1224 243 omens:
1807 187 1898 245 21:
1931 199 1938 210 ·

210 344 495 419 rendique
521 342 719 416 officii,
747 342 941 420 plures
967 343 1157 402 solent
1182 364 1322 407 esse,
1338 363 1570 404 σαυππε.-
1614 344 1802 420 Nam,

211 451 311 499 aut
328 440 684 512 inimicitias,
709 450 806 498 aut
820 439 1095 513 laborem,
1113 451 1210 499 aut
1222 452 1482 519 sumptus
1498 443 1804 521 suscipere-
1885 423 1889 444 ²

207 537 446 608 nolunt3
495 548 592 595 aut
631 537 804 595 etiam
845 537 1223 614 negligentia,
1263 538 1516 615 pigritia,
1560 540 1787 611 inertia,

210 646 313 693 aut
353 635 475 692 suis
517 634 722 694 studiis
758 633 1104 709 quibusdam
1130 633 1677 710 occupationibusve
1705 638 1792 695 sic

209 730 620 807 impediuntur,
651 740 715 796 ut
742 739 861 802 eos,
880 747 1027 806 quos
1047 730 1222 789 tutari
1244 731 1511 803 debeant,
1536 733 1794 805 deser-tos
1819 742 1852 790 5

208 846 336 885 esse
360 827 668 903 patiantur.
751 826 954 903 Itaque
979 827 1293 888 videndum
1321 840 1429 900 est,
1452 848 1528 886 ne
1556 848 1675 886 non
1704 849 1792 887 sa-

207 924 284 982 tis
312 925 386 982 sit
413 924 668 998 id,'quod
699 924 848 1000 apud
877 923 1180 983 Platonem
1208 935 1298 983 est
1327 926 1389 983 in
1415 925 1793 1002 philosophos

210 1021 428 1082 dictum
451 1041 465 1077 ε
526 1020 680 1096 quod
722 1021 782 1078 in
828 1020 946 1078 veri
991 1021 1432 1102 investigatione
1472 1033 1789 1094 versentur,

205 1118 472 1194 quodque
514 1137 604 1189 ea,
633 1137 758 1193 quae
800 1116 1058 1194 plerique
1084 1118 1453 1177 vehementer
1492 1129 1792 1196 expetunt,
1847 1171 1850 1176 .

206 1216 281 1272 de
319 1215 529 1290 quibus
554 1214 704 1272 inter
733 1234 795 1273 se
823 1214 1128 1292 digladiari
1160 1216 1365 1289 solent,
1394 1226 1789 1288 contemnant,
1820 1223 1884 1276 10

204 1321 265 1369 et
291 1330 397 1387 pro
425 1311 618 1380 nihilo*
638 1311 874 1383 ducant,
894 1322 1200 1388 propterea
1220 1312 1408 1389 justos
1432 1332 1576 1371 esse.
1625 1312 1790 1374 -Nam

206 1408 450 1466 alterum
472 1407 710 1483 justitiae
739 1426 923 1484 genus
952 1403 1688 1484 assequuntur,inferenda
1716 1405 1804 1467 ne‘

204 1504 305 1562 cui
337 1513 591 1561 noceant
627 1503 869 1579 injuria:
912 1503 973 1561 in
1013 1504 1253 1562 alterum
1292 1504 1573 1563 incidunt.
1657 1504 1790 1564 Dis-

205 1599 381 1658 cendi
423 1598 579 1656 enim
621 1599 813 1657 studio
855 1601 1136 1676 impediti,
1177 1620 1323 1676 quos
1362 1601 1511 1659 tueri
1552 1601 1787 1672 debent,

206 1697 500 1758 deserunt.
580 1695 784 1772 Itaque
812 1715 917 1754 eos
944 1696 1015 1754 ad
1052 1687 1464 1772 rempublicam
1494 1716 1569 1754 ne
1600 1716 1792 1754 acces-
1821 1708 1882 1756 15

207 1809 372 1850 suros
397 1785 632 1868 quidem
656 1785 882 1870 putant,
905 1792 1018 1852 nisi
1047 1802 1317 1850 coactos:
1361 1792 1577 1867 aequius
1602 1803 1800 1850 autem.

206 1900 332 1948 erat
360 1889 419 1946 id
440 1890 735 1948 voluntate
756 1889 881 1948 fieti
907 1909 921 1947 ε
961 1889 1234 1947 namhoc
1256 1888 1443 1964 ipsum
1472 1888 1554 1948 ita
1574 1888 1791 1964 justum

207 1996 315 2058 est,
343 1988 498 2063 quod
526 1995 685 2046 recte
711 1987 794 2060 fit,
824 1986 873 2045 si
901 1996 991 2045 est
1016 1986 1416 2048 voluntarium.
1459 2059 1462 2062 Ι

288 2085 443 2142 Sunt
470 2086 666 2157 etiam,
696 2085 817 2160 qui,
849 2093 946 2144 aut
972 2084 1165 2144 studio
1191 2083 1278 2141 rei
1306 2082 1606 2141 familiaris
1631 2092 1796 2142 tuen·

210 2181 318 2252 dae,
340 2192 438 2242 aut
459 2182 596 2239 odio
614 2182 863 2257 quodam
884 2181 1203 2252 hominum,
1222 2199 1391 2237 suum
1412 2199 1473 2236 se
1495 2179 1791 2256 negotium
1821 2193 1883 2242 20

212 2296 384 2354 agere
411 2278 631 2350 dicant,
658 2297 736 2335 ne
768 2278 967 2336 facere
1008 2275 1278 2353 cuiquam
1305 2276 1605 2334 videantur
1649 2275 1794 2352 inju-

210 2375 390 2445 riam;
439 2374 538 2450 qui
588 2374 769 2432 altero
824 2372 1119 2450 injustitiae
1172 2390 1385 2449 genere
1428 2382 1634 2434 vacant
1657 2393 1671 2442 ;
1721 2372 1794 2429 jn

212 2472 455 2529 alterum
484 2472 803 2529 incurrunt.
883 2470 1176 2529 De'serunt
1199 2467 1365 2527 'enim
1395 2468 1524 2526 vitae
1553 2468 1796 2526 societa-

212 2578 352 2639 tem,
382 2568 519 2643 quia
544 2567 693 2624 nihil
712 2553 1018 2625 conferunt
1038 2566 1099 2623 in
1121 2583 1249 2622 eam
1272 2564 1470 2636 studii,
1488 2565 1631 2624 nihil
1662 2581 1794 2638 ope·

212 2664 486 2736 rae‚-nihil
518 2664 872 2722 facultatum.
1823 2667 1886 2716 25

288 2762 591 2824 Quoniam
645 2759 842 2837 igitur,
885 2758 1112 2816 duobus
1152 2756 1462 2834 generibus
1499 2754 1796 2837 injustitiae
1871 2816 1875 2820 ,

212 2858 544 2938 propositiS,
577 2855 940 2933 adjunximus
979 2873 1187 2912 causas
1224 2853 1520 2930 utriusque
1549 2851 1796 2928 generiS,

214 2973 431 3032 euque
458 2973 550 3011 res
580 2963 713 3012 ante
735 2951 1161 3024 constituimu3‚
1184 2950 1393 3026 quibus
1415 2948 1639 3027 justitia
1664 2967 1799 3009 con·
1853 2984 1859 2990 -
