2192 3517
203 243 260 292 L.
280 246 341 306 1.]
785 243 871 291 ΒΕ
912 242 1206 290 Orneus,
1794 231 1874 289 65

278 391 548 452 XXXII.
618 392 712 450 Ac
744 392 967 450 duabus
1007 392 1079 449 iis
1118 375 1397 467 personiS,
1426 409 1568 469 quas
1608 408 1781 467 supra

201 490 343 562 dixi,
384 490 555 547 tertia
598 489 946 566 adjungitur,
996 507 1169 563 quarn
1217 507 1385 546 casus
1427 488 1629 563 aliquis
1680 496 1779 545 aut

201 597 431 662 tempus
471 586 747 662 imponit3
810 596 1014 661 quarta
1052 584 1246 656 etiam,
1287 603 1456 660 quam
1496 584 1780 643 nobismet

203 683 314 759 ipsi
339 682 561 759 judicio
589 693 786 740 nostro
817 681 1335 740 accommodamuS.
1375 679 1558 738 *Nam
1578 699 1778 758 regna,

203 780 467 856 imperia,
509 766 855 851 nobilitatem
899 773 1167 851 honorem
1216 778 1448 864 divitiae,
1489 796 1647 858 epea,
1689 797 1781 835 ea·
1812 783 1844 832 5

201 885 316 953 que
346 895 471 952 quae
512 888 643 934 sunt
685 877 774 934 his
816 877 1123 948 contraria,
1168 876 1230 933 in
1279 894 1418 933 casu
1466 874 1594 945 sita,
1643 883 1784 931 tem-

200 974 442 1049 poribus
483 974 890 1050 gubernantur.
972 972 1091 1049 Ipsi
1142 983 1329 1030 autem
1372 990 1571 1048 gerere
1610 989 1781 1046 quam

203 1088 510 1145 personam
548 1069 806 1141 velimus,
838 1070 870 1127 a
909 1069 1104 1128 nostra
1135 1068 1428 1127 voluntate
1467 1064 1785 1143 proficisci-

146 1203 150 1207 ι
204 1177 315 1224 tur.
398 1165 600 1241 Itaque
642 1185 704 1223 se
749 1166 847 1224 alii
892 1167 960 1224 ad
999 1159 1438 1243 philosophiam,
1471 1164 1565 1222 alii
1596 1162 1666 1221 ad
1689 1162 1784 1240 jus

192 1263 398 1334 'civile,
421 1262 516 1323 alii
536 1262 606 1319 ad
625 1258 1031 1339 eloquentiam,
1057 1262 1378 1339 applicant:
1420 1261 1783 1338 ipsarumque
1817 1266 1878 1314 10

205 1359 480 1417 virtutum
511 1359 571 1417 in
603 1359 715 1417 alia.
745 1359 890 1418 alius
917 1359 1132 1417 mavult
1159 1359 1458 1436 excellere.

284 1455 557 1517 Quorum
585 1474 722 1513 vero
758 1466 951 1532 patres
981 1464 1078 1514 aut
1106 1454 1351 1531 majores
1382 1454 1570 1529 aliqu-a
1598 1453 1783 1532 gloria

204 1552 614 1628 praestiterunt,
645 1552 685 1609 ii
725 1553 958 1612 student
995 1552 1331 1629 plerumque
1367 1552 1572 1610 eodem
1600 1551 1660 1608 in
1689 1570 1786 1628 ge·

206 1667 349 1707 nere
376 1648 564 1706 laudis
592 1649 874 1706 excellere
896 1669 911 1720 ;
955 1660 1021 1707 ut
1043 1649 1126 1710 Q.
1157 1646 1412 1719 Mucius,
1437 1648 1500 1705 P.
1522 1647 1692 1720 filius,
1723 1647 1785 1704 in

200 1745 333 1822 jure
375 1745 564 1816 civili;
606 1745 773 1804 Pauli
814 1745 966 1803 filius
1006 1744 1322 1807 Africanus
1355 1744 1415 1801 in
1433 1745 1505 1800 ‘re
1531 1742 1782 1801 militari.
1819 1752 1881 1801 15
1975 1771 1980 1776 ·

203 1842 472 1905 Quidam
514 1852 724 1913 autem,
773 1841 844 1899 ad
889 1859 988 1899 eas
1034 1838 1235 1899 laudes
1274 1859 1416 1916 quas
1459 1859 1493 1897 a
1527 1839 1788 1916 patribus

175 1951 583 2015 acceperunt,
613 1938 832 1996 addunt
877 1929 1123 2014 aliquam
1168 1956 1364 2016 suam:
1406 1946 1471 1994 ut
1497 1935 1604 1993 'hio
1633 1933 1784 1992 idem

207 2035 526 2094 Africanus
542 2035 872 2111 eloquentia
889 2033 1204 2092 cumulavit
1224 2033 1489 2094 bellicam
1508 2032 1751 2109 gloriam
1771 2051 1784 2089 t
1840 2054 1850 2066 ·

208 2132 364 2208 quod
410 2132 563 2190 idem
596 2131 746 2190 feeit
782 2131 1150 2204 TimotheuS,
1181 2131 1439 2189 Cononis
1468 2130 1637 2201 tilius»,
1668 2129 1786 2205 qui,
1831 2165 1838 2170 ‚

208 2247 346 2286 eum
388 2225 526 2286 belli
565 2229 736 2294 laude
768 2244 885 2286 non
916 2226 1152 2291 inferior
1182 2227 1380 2285 fuisset
1406 2243 1575 2302 quam
1601 2231 1784 2302 pater,
1818 2242 1881 2292 20

211 2324 282 2382 ad
311 2343 439 2382 eam
466 2324 719 2396 laudem,
747 2323 1022 2382 doctrinm
1050 2332 1111 2380 et
1147 2322 1369 2400 ingenii
1411 2322 1651 2399 gloriam
1693 2322 1789 2380 ad-

204 2420 366 2499 jecit.
449 2420 548 2478 Fit
593 2403 783 2490 aut'e‘m
824 2419 1133 2490 interdum,
1157 2429 1224 2476 ut
1258 2419 1544 2490 nonnulli,
1573 2419 1787 2476 omissa

212 2516 535 2575 imitatione
576 2513 875 2592 majorum,
918 2535 1084 2573 suum
1127 2515 1413 2591 quoddam
1462 2516 1787 2573 mstitutuni

213 2623 676 2688 consequantur:
718 2611 1076 2688 maximeque
1119 2612 1178 2669 in
1217 2631 1288 2670 eo
1314 2613 1648 2689 plerumque
1676 2611 1791 2668 ela-

214 2711 418 2768 borant
446 2709 507 2782 ii,
537 2710 634 2785 qui
662 2728 873 2786 magna
893 2709 1004 2767 sibi
1023 2709 1372 2787 proponunt,
1393 2708 1655 2767 obscuris
1677 2706 1789 2763 orti
1820 2714 1884 2763 25

215 2807 542 2883 majoribus·
1115 2799 1119 2804 ⁴

286 2902 443 2961 ‘Haeo
473 2903 645 2980 igitur
667 2902 880 2975 omnia,
901 2922 1032 2961 cum
1054 2903 1382 2979 quaerimuS‚
1407 2901 1542 2977 quid
1565 2902 1790 2977 deceat,

217 3000 525 3078 complecti
578 3001 771 3058 animo
826 3011 885 3058 et
941 2999 1290 3078 cogitatione
1346 3000 1638 3056 debemus.
1718 2996 1790 3056 In

688 3096 781 3155 ὃς
