2192 3517
183 229 328 289 1..1.]
783 225 870 276 nn
908 227 1201 276 omens.
1784 221 1864 277 47

183 384 307 430 tem
339 374 602 442 afferunt,
626 374 724 450 qui
749 376 933 452 togati
958 377 1289 453 reipublicae
1308 389 1578 454 praesunt,
1596 396 1768 455 quam

183 470 288 545 qui
318 471 529 528 bellum
553 481 777 549 gerunt.
824 535 827 538 ,
860 472 1084 549 Itaque,
1108 494 1305 532 eorum
1328 476 1573 534 consilio
1593 496 1764 552 saepe,

188 577 291 625 aut
331 586 449 626 non
491 580 778 645 suscepta,
811 580 908 628 aut
946 571 1219 629 confecta
1259 572 1409 630 bella
1447 582 1599 645 sunt,
1628 593 1768 632 non·

185 683 485 739 nunquam
525 666 696 723 etiam
742 666 936 738 illata3
992 678 1073 740 ut,
1120 667 1203 726 Μ.
1250 668 1506 741 Catonis,
1554 670 1764 728 bellum

184 761 423 819 tertium
469 762 789 835 Punicum3
854 763 913 821 in
958 784 1074 839 quo
1118 765 1290 823 etiam
1335 766 1546 824 mortui
1591 766 1767 826 valuit
1800 775 1831 822 5

188 858 523 917 auotoritas.
606 859 810 923 Quare
851 862 1174 937 expetenda
1210 862 1442 938 quidem
1473 863 1655 940 magis
1681 874 1767 921 est

187 954 544 1013 decernendi
564 957 731 1028 ratio,
753 977 922 1032 quam
953 957 1288 1016 decertandi
1318 958 1624 1017 fortitudo:
1666 959 1768 1020 sed

189 1052 534 1124 cavendum,
561 1072 645 1109 ne
666 1053 723 1110 id
753 1054 1005 1111 bellandi
1033 1056 1215 1133 magis
1243 1053 1399 1134 suga,
1421 1076 1589 1133 quam
1620 1056 1771 1114 utili-

189 1148 327 1208 tatis
352 1148 596 1220 ratione,
627 1149 922 1209 faciamus.

269 1244 499 1302 Bellum
545 1256 735 1303 autem
780 1247 860 1305 ita
899 1248 1267 1325 suscipiatur,
1297 1259 1361 1307 ut
1402 1250 1543 1308 nihil
1592 1249 1768 1321 aliud,
1802 1258 1861 1305 10

188 1341 306 1399 nisi
346 1360 459 1417 pax
501 1342 741 1417 quaesita
777 1343 1054 1401 videatur.
1136 1345 1329 1403 Fortis
1371 1365 1508 1404 vero
1546 1357 1606 1404 et
1633 1366 1772 1405 eon-

190 1438 397 1496 stantis
436 1447 544 1509 est,
572 1456 691 1495 non
730 1440 1054 1515 perturbari
1094 1441 1157 1499 in
1196 1443 1367 1500 rebus
1395 1443 1629 1519 asperis,
1657 1462 1769 1500 nee

189 1534 640 1592 tumultuantem
688 1536 761 1593 de
808 1537 991 1613 gradu
1036 1535 1232 1615 dejici,
1273 1548 1336 1596 ut
1377 1539 1626 1609 dieitur3
1668 1540 1768 1597 sed

189 1631 493 1707 presentis
523 1631 698 1689 animi
726 1632 811 1690 uti
840 1633 1109 1705 consiliu,
1136 1652 1249 1691 nee
1279 1655 1313 1692 a
1338 1633 1562 1693 ratione
1589 1629 1772 1693 disee·

176 1728 348 1785 dere.
430 1728 781 1804 Quanquam
813 1731 926 1788 hoe
956 1731 1153 1802 animi,
1183 1730 1324 1794 illud
1351 1731 1524 1788 etiam
1553 1731 1769 1808 ingenii
1803 1742 1862 1791 15

192 1825 392 1902 magni
431 1835 538 1897 est,
572 1827 888 1902 praeeipere
927 1827 1282 1904 cogitatione
1324 1828 1533 1899 futura,
1576 1838 1634 1885 et
1676 1828 1775 1885 ali·

192 1932 410 1997 quanto
439 1932 572 1980 ante
600 1924 981 1990 constitutere
1016 1923 1156 1999 quid
1198 1924 1465 1981 accidere
1500 1924 1683 2001 possit
1713 1926 1769 1982 in

192 2028 499 2093 utramque
552 2029 805 2095 partem3
862 2029 941 2091 et,
986 2019 1125 2097 quid
1170 2020 1452 2097 agendum
1501 2020 1593 2106 sit,
1639 2039 1771 2079 enm

191 2114 328 2191 quid
373 2115 661 2185 evenerit3
703 2134 815 2173 nee
842 2116 1224 2188 committere,
1254 2127 1325 2174 ut‘
1355 2116 1661 2193 aliquando
1690 2119 1773 2176 di-

193 2205 446 2272 eenduri)
489 2210 581 2283 sit,
612 2211 808 2269 “Non
834 2213 1156 2288 puffiram.''
1238 2212 1386 2271 Haee
1426 2224 1559 2271 sunt
1599 2234 1774 2292 opera
1803 2234 1865 2281 20

193 2307 395 2384 magni
424 2307 599 2364 animi
638 2317 698 2364 et
733 2306 967 2379 excelsi,
997 2318 1055 2365 et
1079 2308 1384 2383 prudenti&⁸
1413 2310 1771 2386 consilioque

192 2404 442 2463 fidentis.
525 2391 778 2461 Teinere
807 2414 997 2462 autem
1027 2403 1086 2461 in
1118 2404 1244 2461 acie
1263 2406 1495 2477 versari,
1519 2419 1577 2463 et
1600 2425 1770 2465 manu

192 2520 329 2559 eum
362 2500 528 2558 hoste
556 2482 890 2577 confligere,
911 2500 1451 2576 immane’quiddam
1474 2512 1533 2559 et
1562 2502 1774 2561 bellua-

194 2616 323 2655 rum
353 2596 540 2654 simile
566 2606 671 2654 est.
755 2597 894 2668 Sed,
926 2615 1057 2654 eum
1089 2606 1316 2673 tempus
1343 2600 1771 2673 necessitasque

193 2693 467 2770 postulat,
489 2693 901 2751 decertandum
931 2711 1108 2749 manu
1129 2703 1235 2765 est,
1257 2704 1315 2751 et
1339 2709 1486 2751 mors
1511 2695 1770 2752 servituti
1804 2705 1864 2752 25

193 2789 654 2868 turpitudinique
684 2789 1100 2865 anteponenda.

274 2984 506 3045 xxlv.
549 2983 641 3044 De
693 2984 1020 3043 evertendis
1076 2994 1267 3044 autem
1323 2983 1771 3061 diripiendisque*
