2192 3517
323 177 397 240 12
997 193 1084 240 ns
1122 194 1413 242 omens.
1851 198 1932 257 [L.
1952 198 1989 244 1.

212 261 251 278 ⁸-

415 359 488 397 an
529 350 716 417 turpe,
760 341 1046 414 dubitant,
1088 344 1169 416 id,
1214 345 1368 419 quod
1414 344 1473 402 in
1523 341 1995 402 deliberationem

414 437 602 495 cadit:
646 439 714 494 in)
734 458 847 515 quo
883 441 1305 499 considerando
1349 460 1504 517 saepe
1543 440 1719 498 animi
1755 440 1819 500 in
1861 456 1997 496 con·

410 534 615 592 trarias
642 537 955 593 sententias
991 537 1405 595 distrahuntur.
1487 536 1646 595 Tum
1677 545 1866 596 autem
1895 543 1994 592 aut

413 632 741 706 anquirunt,
773 643 869 689 aut
897 634 1245 706 consultant,
1271 635 1343 691 ad
1364 634 1496 691 vitae
1522 632 1988 696 commoditatem

345 736 379 785 5
404 727 960 804 jucunditatemque,
995 729 1067 787 ad
1109 728 1414 787 facultates
1450 748 1643 788 rerum
1686 738 1855 802 atque
1897 745 1990 786 co-

390 809 552 899 pias,
584 825 653 881 ad
680 843 837 901 opes,
870 826 940 882 ad
981 825 1320 902 potentiam,
1350 825 1559 901 quibus
1586 835 1646 882 et
1672 842 1735 890 se
1769 823 1990 899 possint

403 920 624 996 juvare,
654 931 711 979 et
751 940 906 993 suos,
945 921 1237 980 conducat
1278 921 1357 994 id,
1387 940 1595 1000 necne,
1625 920 1698 977 de
1736 939 1851 996 quo
1892 920 1989 977 de·

407 1016 687 1075 liberant:
754 1037 880 1093 quae
947 1017 1284 1077 deliberatio
1347 1019 1534 1077 omnis
1587 1017 1648 1076 in
1704 1017 1985 1082 rationem

408 1113 671 1170 utilitatis
714 1114 885 1171 cadit.
968 1113 1239 1172 Tertium
1288 1113 1606 1173 dubitandi
1644 1134 1827 1192 genus
1875 1125 1983 1184 est,

317 1218 375 1268 10
406 1228 540 1272 curn
568 1227 826 1287 pugnare
854 1211 1078 1268 videtur
1109 1230 1242 1269 cum
1272 1213 1513 1270 honesto
1541 1211 1622 1282 id,-
1650 1211 1805 1286 quod
1831 1209 1986 1267 vide·

403 1316 496 1364 tur
524 1325 650 1363 esse
677 1306 836 1366 utile.
918 1306 1069 1366 Cum
1103 1308 1261 1365 enim
1303 1307 1520 1368 utilitas
1550 1307 1622 1365 ad
1660 1327 1724 1365 se
1760 1325 1980 1383 rapere,

402 1402 671 1461 honestas
720 1414 921 1462 contra
959 1421 1230 1462 revocare
1272 1405 1344 1461 ad
1386 1423 1449 1461 se
1488 1404 1750 1474 videtur3
1793 1405 1875 1475 fit,
1917 1414 1994 1462 ut.

400 1497 746 1557 distrahatur
780 1499 1157 1557 deliberando
1199 1500 1442 1572 animus,
1473 1500 1784 1576 afferatque
1827 1500 1981 1559 anci·

346 1594 575 1672 pitem
606 1615 802 1653 curam
830 1596 1142 1674 cogitandi.

311 1695 370 1744 15
479 1691 639 1750 Hac
655 1693 956 1764 divisione,
1001 1692 1165 1770 (cum
1208 1694 1504 1771 praeterire
1546 1649 1759 1768 aliquid
1804 1692 1979 1750 maxi·

400 1808 555 1847 mum
596 1790 795 1848 vitium
838 1791 899 1848 in
942 1790 1252 1849 dividendo
1293 1791 1394 1871 sit)
1440 1792 1555 1849 duo
1599 1790 1978 1866 praetermissa

398 1896 547 1943 sunt.
600 1879 767 1943 Nec
821 1887 977 1944 enim
1030 1887 1238 1958 solum,
1294 1897 1487 1946 utrum
1542 1887 1846 1945 honestum
1901 1904 1974 1944 an

395 1992 562 2057 turpe
590 1981 682 2051 sit,
715 1980 1020 2058 deliberari
1048 1982 1215 2053 solet,
1246 1982 1347 2038 sed
1376 1982 1570 2052 etiam,
1601 1981 1825 2039 duobus
1850 2000 1977 2057 pro-

393 2077 597 2154 positis
637 2076 910 2148 honestis,
940 2082 1131 2141 utrum
1162 2077 1458 2135 honestius
1475 2095 1489 2147 ;
1534 2077 1974 2153 itemque,-duo·

300 2184 364 2236 20
395 2173 504 2230 bus
542 2173 848 2249 propositis
876 2172 1130 2244 utilibus,
1154 2185 1346 2234 utrum
1374 2173 1586 2231 utilius.
1669 2172 1779 2245 Ita,
1801 2193 1971 2249 quam

416 2269 492 2327 lle
532 2269 817 2346 triplicem
865 2269 1085 2347 putavit
1123 2288 1250 2327 esse
1293 2270 1592 2341 rationem,
1622 2270 1681 2327 in
1722 2271 1972 2347 quinque

391 2375 583 2443 partes
610 2366 873 2424 distribui
894 2367 1107 2425 debere
1134 2366 1429 2442 reperitur.
1512 2366 1771 2425 Primum
1799 2366 1971 2443 igitur

392 2471 480 2519 est
520 2462 593 2518 de
633 2463 891 2532 honesto,
920 2463 1021 2519 sed
1062 2461 1390 2539 dupliciter,
1418 2473 1540 2520 tum
1579 2462 1704 2538 pari
1750 2462 1970 2522 ratione

392 2559 465 2616 de
511 2557 660 2630 utili,
691 2568 817 2634 post
856 2558 931 2615 de
970 2558 1399 2634 comparatione
1443 2576 1660 2628 eorum,
1688 2558 1971 2615 disseren-

296 2666 360 2714 25
392 2653 545 2713 ᾶὶιῐη.

470 2847 574 2907 IV.
617 2848 929 2927 Principio,
958 2848 1160 2927 generi
1202 2848 1578 2908 animantium
1617 2847 1775 2906 omni
1810 2858 1898 2907 est
1935 2868 1968 2906 a

389 2946 597 3004 natura
623 2946 920 3021 tributum,
948 2957 1013 3006 ut
1036 2966 1123 3020 se,
1152 2947 1347 3021 vitam,
1369 2964 1690 3024 corpusque
1714 2954 1965 3016 tueatur,
