2192 3517
174 210 240 257 ι..
262 210 325 269 ι]
789 209 877 257 m:
912 207 1206 258 omem.
1789 202 1873 262 87

78 356 103 365 ”
175 360 509 438 gregabilia
546 360 755 419 natura
795 361 930 434 sint,
962 362 1192 440 fingunt
1227 363 1422 435 fav0s3
1466 363 1555 423 sic
1595 363 1778 423 homi·

176 478 309 529 nee,
355 478 425 517 ac
465 459 649 517 multo
689 460 864 518 etiam
908 460 1113 537 magis,
1153 461 1363 519 natur&
1412 463 1775 541 congregati,

178 555 466 614 adhibent
504 556 730 633 *agendi
785 556 1197 634 cogitandique
1251 558 1558 619 solertiam.
1664 560 1779 618 Ita-

142 652 477 728 -quesnisi
518 672 591 711 ea
629 654 837 726 virtue,
871 674 999 732 quae
1046 665 1278 714 constat
1325 675 1398 713 ex
1445 656 1776 715 hominibus

181 750 439 822 tuendis,
496 751 555 808 id
611 733 731 823 est,
775 770 847 809 ex
900 750 1200 811 societate
1236 753 1468 831 generis
1520 740 1775 827 humani,
1809 757 1842 804 5

182 847 439 925 attingat
473 848 865 926 cognitionem
908 868 1121 924 rerum,
1151 851 1406 928 solivaga
1433 850 1692 930 cognitio
1720 863 1779 909 et

173 945 381 1024 jejuna
446 945 722 1004 videatur.
832 931 1097 1024 Itemque
1165 949 1506 1026 magnitudo
1578 949 1777 1020 animi,

180 1039 407 1101 remota
463 1033 878 1104 communitate
927 1046 1455 1126 conjunctioneque
1502 1046 1778 1117 humana,

184 1140 385 1199 feritas
438 1141 515 1199 sit
569 1142 835 1217 quiedam
889 1153 947 1200 et
1002 1143 1348 1202 immanitas,
1431 1143 1525 1202 Ita
1575 1144 1660 1216 fit,
1716 1153 1780 1202 ut

183 1237 385 1295 vincat
412 1238 761 1315 cognitionis
788 1239 1042 1297 studium
1080 1240 1441 1316 consociatio
1482 1241 1778 1300 hominum
1815 1242 1876 1291 1⁰

185 1344 361 1409 atque
383 1335 797 1395 communitas.

264 1430 401 1489 Nec
455 1450 653 1489 verum
708 1442 817 1504 est,
870 1432 1027 1508 quod
1079 1432 1296 1492 dicitur
1338 1453 1373 1492 a
1410 1433 1777 1510 quibusdam,

184 1539 421 1606 propter
462 1528 869 1588 necessitatem
909 1530 1061 1603 vitae,
1089 1531 1243 1606 quod
1282 1549 1373 1603 ea,
1402 1550 1530 1607 quae
1570 1541 1782 1590 natura

185 1626 564 1698 desideraret,
607 1625 888 1702 consequi
942 1627 1067 1684 sine
1118 1627 1263 1700 aliie,
1309 1638 1476 1705 atque
1515 1628 1776 1699 efficere,

183 1705 302 1783 non
332 1742 654 1800 possemus,
678 1722 901 1782 idcirco
928 1724 1095 1782 istam
1124 1737 1253 1782 'esse
1282 1741 1417 1783 cum
1444 1724 1779 1784 hominibus
1812 1724 1875 1774 15

183 1820 665 1879 communitatem
706 1830 766 1879 et
806 1821 1166 1879 societatem.
1265 1821 1451 1883 Quod
1490 1821 1541 1880 si
1584 1820 1782 1880 omnia

183 1916 380 1988 nobis,
409 1936 536 1991 quae
566 1916 636 1974 ad
665 1916 882 1976 victum
902 1917 1250 1992 cultumque
1273 1918 1585 1994 pertinent,
1615 1917 1782 1993 quasi
1857 1916 1881 1952 '¹

182 2014 411 2091 virgula
466 2014 683 2087 divini,
726 2025 792 2073 ut
840 2014 1597 2093 aiuntssnppeditarentun
1654 2024 1779 2073 tum

181 2112 407 2187 optimo
448 2111 692 2187 quisque
733 2111 991 2190 ingenio,
1020 2113 1272 2190 negotiis
1309 2113 1580 2172 omnibus
1606 2111 1781 2170 omis-

182 2209 285 2279 sis,
313 2219 500 2266 totum
528 2228 592 2266 se
620 2209 681 2267 in
711 2209 1049 2286 cognitione
1076 2219 1136 2266 et
1163 2209 1410 2267 scienti&
1442 2210 1773 2268 collocaret.
1808 2213 1873 2265 20

184 2304 324 2364 Non
380 2316 468 2362 πῖ
523 2305 639 2363 ita:
693 2325 828 2363 nam
882 2315 943 2363 et
996 2306 1366 2363 solitudinem
1422 2306 1664 2384 sugeret,
1718 2317 1779 2365 et

181 2403 412 2460 socium
444 2402 621 2461 studii
647 2414 960 2479 quaereret:
1004 2413 1126 2464 tum
1153 2404 1386 2475 docere,
1409 2414 1529 2461 tum
1552 2404 1778 2463 discere

184 2500 378 2573 vellet,
434 2510 556 2557 tum
615 2500 836 2572 audire,
892 2510 1019 2558 tum
1070 2499 1288 2558 dicere.
1387 2500 1548 2579 Ergo
1601 2511 1777 2559 omne

185 2595 465 2668 officium,
508 2595 665 2671 quod
706 2596 781 2653 ad
829 2595 1302 2673 conjunctionem
1356 2595 1676 2668 hominum,
1717 2605 1778 2653 et

185 2692 258 2751 ad
287 2693 629 2752 societatem
670 2693 955 2752 tuendam
990 2694 1159 2765 valet,
1190 2691 1655 2770 anteponendum
1688 2700 1776 2750 est
1805 2693 1870 2744 ἦ

184 2790 270 2852 illi
321 2790 541 2863 officio,
582 2790 740 2867 qnod
793 2790 1130 2870 cognitione
1180 2799 1243 2848 et
1296 2788 1544 2848 scientia
1597 2787 1778 2848 conti·

182 2897 372 2946 netur.
