2192 3517
287 192 366 253 72
970 202 1059 250 nn
1097 200 1391 249 ormcns.
1819 196 1901 259 [Ia-
1923 197 1965 245 1.

377 355 547 413 nobis
567 354 863 413 dissoluta.
934 353 1321 412 scenicorum
1342 349 1575 426 quidem
1592 366 1720 412 mos
1740 357 1966 407 tantam

379 451 553 509 habet
573 451 750 509 veteri
779 449 1086 532 disciplina
1109 448 1538 518 verecundiam,
1557 456 1622 504 ut
1643 446 1702 503 in
1724 441 1965 503 scenam

379 549 504 607 sine
531 547 894 626 subligaculo
918 547 1165 624 prodeat
1188 563 1380 603 nem0.
1462 543 1755 602 Verentur
1781 542 1963 613 enim,

320 688 325 694 -
378 664 473 717 ne,
503 646 551 703 si
580 661 696 721 quo
723 662 863 706 casu
891 643 1167 715 evenerit,
1197 653 1261 702 ut
1289 660 1544 717 corporis
1583 650 1775 717 partes
1810 659 1964 714 quae·

318 754 352 806 5
381 741 515 800 dam
545 742 890 819 aperiantur,
917 739 1267 816 aspiciantur
1296 757 1415 796 non
1444 738 1669 795 decore.
1738 735 1966 793 Nostro

380 831 615 915 quidem
644 858 824 910 more,
855 855 988 895 cum
1020 835 1357 913 parentibus
1390 835 1639 911 puberes
1670 833 1794 905 filii,
1825 852 1966 890 cum

382 937 600 994 soceris
625 935 846 1013 generi,
868 952 988 992 non
1015 932 1295 990 lavantur.
1378 931 1717 989 Retinenda
1742 944 1830 987 est
1856 929 1968 1007 igi·

381 1044 474 1092 tur
517 1033 688 1109 hujus
727 1030 956 1108 generis
987 1028 1358 1101 verecundia,
1395 1029 1714 1106 praesertim
1753 1027 1966 1086 natur-6.

382 1129 507 1206 ipsa
536 1129 811 1206 magistra
839 1138 896 1185 et
923 1128 1091 1186 duce.

291 1325 353 1375 10
460 1322 752 1381 XXXVI.
792 1323 949 1380 Cum
979 1333 1171 1381 autem
1191 1322 1641 1400 pulchritudinis
1659 1324 1776 1380 duo
1793 1341 1969 1399 gene-

382 1439 449 1478 ra
486 1419 621 1488 sint,
652 1439 894 1496 quorum
936 1420 997 1478 in
1041 1420 1223 1478 altero
1250 1411 1518 1484 venustas
1557 1419 1652 1492 sit,
1682 1420 1743 1477 in
1787 1420 1970 1477 altero

384 1518 635 1595 dignitas
653 1538 669 1588 3
697 1526 1052 1575 venustatem
1072 1517 1413 1574 muliebrem
1434 1516 1650 1574 ducere
1668 1517 1967 1588 debemuS,

383 1614 724 1691 dignitatem
752 1615 992 1672 virilem.
1076 1613 1238 1692 Ergo
1257 1627 1315 1672 et
1344 1599 1585 1672 aformfi
1605 1624 1970 1671 removeatur

387 1712 575 1770 omnis
616 1713 741 1770 viro
782 1732 901 1771 non
943 1711 1155 1790 dignus
1195 1722 1463 1783 ornatus3
1506 1720 1564 1769 et
1605 1711 1744 1770 huic
1780 1710 1971 1767 simile

293 1810 355 1859 15
389 1809 589 1868 vitium
619 1809 678 1867 in
708 1817 874 1888 gestu
915 1821 1195 1884 motuque
1237 1819 1521 1867 caveatur.
1604 1806 1759 1866 Nam
1788 1818 1846 1866 et
1870 1827 1975 1884 pa-

388 1907 621 1965 laestrici
639 1919 828 1964 motus
846 1926 997 1982 saepe
1019 1917 1152 1964 sunt
1172 1906 1488 1964 odiosiores
1505 1926 1519 1977 3
1550 1915 1608 1963 et
1625 1905 1973 1963 histrionum

388 2003 653 2061 n‘onnulli
682 2013 878 2079 gestus
907 2003 1088 2077 inepti
1116 2020 1236 2059 non
1265 2009 1472 2060 vacant
1497 2002 1845 2072 offensione3
1890 2014 1972 2075 et,

389 2099 451 2156 in
479 2109 724 2172 utroque
760 2116 992 2174 genere,
1023 2117 1151 2172 quae
1189 2081 1323 2158 sunt
1361 2110 1525 2157 recta
1566 2109 1624 2157 et
1663 2099 1973 2176 simplicia,

388 2194 713 2252 laudantur.
798 2194 1025 2252 Formae
1064 2204 1256 2252 autem
1290 2195 1545 2272 dignitas
1573 2197 1785 2255 coloris
1813 2196 1979 2255 boni-

292 2296 358 2346 20
391 2301 508 2350 tate
535 2291 752 2349 tuenda
779 2302 898 2363 est3
942 2292 1127 2364 color,
1157 2293 1665 2352 exercitationibus
1693 2294 1974 2370 corporis,

391 2388 745 2446 Adhibenda
796 2398 884 2446 est
938 2399 1220 2466 praeterea
1273 2387 1559 2447 munditia
1596 2410 1714 2449 non
1756 2390 1976 2462 odiosa,

393 2502 581 2560 neque
609 2485 894 2559 exquisita
918 2486 1093 2544 nimis
1115 2507 1131 2557 3
1172 2496 1399 2544 tantum
1425 2505 1555 2563 quae
1578 2487 1760 2564 fugiat
1790 2506 1981 2566 agres-

392 2592 510 2639 tem
538 2592 597 2639 et
635 2582 1008 2640 inhumanam
1049 2583 1481 2661 negligentiam.
1508 2568 1520 2579 ⁸
1565 2583 1787 2642 Eadem
1828 2583 1980 2642 ratio

395 2688 483 2737 est
522 2678 789 2737 habenda
814 2679 1088 2750 vestitus,
1129 2680 1192 2737 ‘in
1222 2699 1338 2755 quo
1369 2679 1552 2757 (sicut
1591 2679 1651 2739 in
1690 2681 1983 2759 plerisque

299 2782 365 2833 25
396 2777 597 2857 rebus)
626 2776 999 2834 mediocritas
1023 2777 1241 2853 optima
1268 2788 1371 2835 est.

478 2873 817 2932 Cavendum
857 2882 945 2930 est
987 2883 1199 2945 autem,
1228 2892 1305 2931 ne
1340 2884 1438 2932 aut
1464 2874 1833 2934 tarditatibus
1860 2885 1986 2935 uta-

399 2988 527 3030 mur
556 2970 615 3029 in
645 2990 845 3049 gressu
879 2969 1259 3044 mollioribus,
1288 2980 1352 3030 ut
1376 2987 1717 3048 pomparum
1746 2972 1986 3032 ferculis
