2192 3517
297 197 374 254 24
985 204 1073 251 DE
1099 201 1396 251 OFFICIIS.
1822 195 1904 257 [L.
1926 195 1970 241 1.

389 371 492 412 seu
519 371 689 429 quem
733 353 928 426 alium,
961 353 1133 431 (nihil
1162 354 1316 411 enim
1342 363 1549 430 praeter
1580 352 1836 409 auditum
1865 350 1974 407 has

389 452 526 529 beo)
560 452 833 508 arbitrum
861 450 1114 508 Nolanis
1137 461 1198 508 et
1224 448 1625 525 Neapolitanis
1652 449 1726 504 de
1751 447 1971 504 finibus

391 567 424 605 a
457 557 672 620 ,senatu
717 548 932 619 datum,
978 565 1114 606 cum
1164 548 1235 605 ad
1279 547 1474 605 locum
1512 546 1782 615 venisset,
1827 563 1969 602 cum

389 645 645 720 utrisque
689 645 994 720 separatim
1039 643 1319 713 locutum,
1348 653 1527 722 utne
1571 642 1781 718 cupide
1824 642 1967 717 quid

327 749 360 795 5
391 751 645 817 agerent,
693 761 769 798 ne
813 750 1165 817 appetenter,
1198 747 1366 816 atque
1415 749 1479 796 ut
1516 738 1745 815 regredi
1790 757 1968 813 quam

387 831 655 916 Progredi
692 838 941 896 mallent.
1025 836 1095 894 Id
1127 855 1261 894 cum
1288 836 1514 911 utrique
1542 835 1836 906 fecissent,
1868 834 1972 892 ali-

387 949 662 1012 quantum
715 936 835 1012 agri
890 934 951 991 in
1006 933 1201 991 medio
1252 933 1519 992 relictum
1573 943 1677 990 est.
1760 932 1970 1009 Itaque

389 1033 613 1091 illorum
649 1033 811 1103 linea,
839 1031 992 1089 sicut
1032 1031 1143 1107 ipsi
1183 1031 1465 1102 dixerant,
1495 1030 1858 1088 terminavit:
1901 1030 1967 1088 in

389 1129 581 1186 medio
608 1129 873 1185 relictum
902 1128 1054 1203 quod
1083 1138 1226 1200 erat,
1253 1127 1466 1204 populo
1505 1127 1781 1186 Romano
1811 1126 1972 1203 adju-

303 1233 361 1282 10
389 1224 619 1281 dicavit.
701 1225 988 1301 Decipere
1016 1225 1132 1283 hoc
1159 1225 1389 1302 quidem
1418 1235 1525 1296 est,
1543 1242 1663 1282 non
1685 1224 1966 1301 judicare.

386 1319 708 1392 Quocirca,
738 1321 798 1378 in
827 1322 988 1379 omni
1016 1340 1099 1394 re,
1130 1322 1401 1399 fugienda
1427 1332 1516 1379 est
1542 1321 1673 1379 talis
1691 1320 1965 1379 sollertia.

468 1512 577 1571 XI.
622 1515 773 1572 Sunt
817 1526 1007 1573 autem
1049 1516 1312 1591 quaedam
1351 1515 1545 1574 officia
1570 1515 1743 1573 etiam
1777 1516 1972 1573 adver-

391 1629 505 1668 sus-
531 1629 632 1668 eos
676 1613 974 1685 servanda,
1008 1631 1041 1670 a
1085 1612 1293 1688 quibus
1337 1612 1606 1689 injuriam
1653 1613 1967 1689 acceperis.

393 1705 501 1764 Est
528 1709 680 1765 enim
711 1705 1032 1767 ulciscendi
1060 1720 1121 1767 et
1144 1709 1426 1786 puniendi
1467 1709 1691 1767 modus.
1775 1709 1971 1785 Atque

304 1810 362 1859 15
395 1804 549 1862 haud
574 1805 720 1877 scic,
754 1824 824 1863 an
856 1806 995 1863 satis
1023 1806 1117 1878 sit,
1147 1824 1302 1878 eum,
1331 1806 1430 1881 qui
1457 1806 1796 1877 lacessierit,
1826 1806 1978 1881 inju-'

393 1902 492 1959 rire
532 1921 652 1959 suae
699 1902 1010 1978 poenitere3
1054 1911 1120 1958 ut
1161 1911 1219 1960 et
1263 1902 1386 1977 ipse
1413 1921 1492 1959 ne
1516 1903 1655 1977 quid
1682 1902 1796 1959 tale
1822 1912 1972 1978 post-

394 1995 524 2066 hac,
555 2008 612 2053 et
641 1997 836 2052 caeteri
864 1996 980 2053 sint
1010 1996 1078 2052 ad
1111 1996 1378 2070 injuriam
1406 1996 1706 2054 tardiores.

475 2090 670 2166 Atque
704 2091 764 2148 in
800 2091 1097 2168 republica
1142 2090 1391 2148 maxime
1419 2092 1814 2149 conservanda
1840 2103 1972 2150 sunt

391 2187 522 2263 jura
561 2188 716 2245 belli.
798 2187 974 2259 Nam,
1015 2206 1149 2247 cum
1195 2188 1311 2245 sint
1355 2187 1474 2246 duo
1519 2207 1734 2266 genera
1777 2173 1973 2247 decerss-

300 2296 364 2345 20
396 2284 591 2355 tandi3
658 2303 833 2342 unum
885 2303 991 2361 per
1033 2285 1537 2361 disceptationem,
1583 2286 1826 2344 alterum
1871 2306 1973 2364 per

398 2380 543 2452 vim3
602 2400 846 2456 cumque
889 2380 1032 2439 illud
1078 2382 1370 2458 proprium
1425 2382 1499 2439 sit
1546 2382 1814 2455 hominis,
1865 2385 1972 2442 hoc

397 2477 749 2547 belluarum3
810 2476 1269 2553 confugiendum
1323 2488 1411 2536 est
1461 2478 1532 2536 ad
1577 2480 1882 2555 posterius,
1925 2481 1972 2537 si

399 2573 483 2632 uti
509 2592 628 2632 non
658 2575 795 2631 licet
823 2574 1139 2650 superiore.
1221 2574 1430 2639 Quare
1460 2576 1828 2652 suscipienda
1854 2577 1974 2652 qui-

400 2671 530 2728 dem
546 2670 712 2728 bella
739 2680 872 2728 sunt
914 2672 991 2728 ob
1032 2690 1160 2729 eam
1212 2690 1465 2745 causam,
1496 2685 1560 2732 ut
1603 2674 1729 2730 sine
1768 2674 1975 2750 injuria

305 2783 371 2833 25
402 2766 462 2824 in
503 2786 648 2843 pace
691 2767 942 2825 vivatur:
999 2768 1164 2843 parta
1209 2778 1397 2826 autem
1443 2769 1703 2839 victoria,
1750 2788 1980 2828 conser-

402 2864 575 2921 vandi
605 2865 664 2936 ii,
692 2864 790 2941 qui
819 2884 934 2923 non
964 2864 1231 2923 crudeles
1261 2865 1321 2922 in
1349 2865 1521 2938 bello,
1550 2885 1670 2923 non
1700 2866 1978 2924 immanes

405 2960 667 3035 suerunt3
715 2974 780 3022 ut
807 2963 1052 3040 majores
1090 2962 1271 3023 nostri
1311 2961 1704 3039 Tusculanos,
1734 2962 1974 3039 AEquos,
