2192 3517
259 176 316 223 1..
335 176 421 237 11.J
838 176 927 222 nn
968 175 1263 232 emona.
1823 165 1938 226 110

257 328 454 402 tiores,
485 329 557 386 ad
601 328 752 386 bene
792 328 867 385 de
910 327 1108 386 multis
1146 327 1609 403 promerendum.
1651 363 1670 380 1
1691 326 1844 385 Pm-

262 426 415 484 :lare
438 424 686 513 epistola
714 424 964 499 quadam
994 424 1392 486 Alexandrum
1416 424 1596 492 filium
1625 423 1842 499 Philip-

258 541 366 598 pus
387 532 642 593 accusat,
662 521 816 597 quod
838 521 1150 598 largitione
1165 520 1620 586 benevolentiam
1643 520 1842 580 Mace-

261 618 475 678 donum
497 628 880 677 eonseotetur.
956 624 992 700 ‘J‘
1008 618 1243 691 Quarte
1267 616 1608 696 (malum!)”
1633 617 1840 693 inquit,

259 715 460 773 “ratio
504 716 562 773 in
608 716 775 773 istam
819 731 977 800 spem
1012 709 1258 787 induxit,
1289 724 1353 774 ut
1379 733 1482 771 eos
1508 714 1613 772 tibi
1642 715 1840 774 fideles
1865 719 1901 772 ὅ

255 822 488 890 putares
529 812 677 884 fore,
700 831 846 888 quos
885 812 1137 888 pecunia
1175 811 1567 888 eorrupisses?
1648 811 1747 870 An
1769 822 1839 872 tu

256 909 316 967 id
350 909 503 990 agis,
532 918 600 965 ut
640 907 1018 981 MacedoneS,
1047 928 1166 966 non
1194 918 1253 966 te
1283 923 1474 985 regem
1516 926 1706 978 suum,
1735 907 1838 966 sed

256 1006 581 1064 ministrum
609 1015 668 1063 et
694 1006 1079 1082 praebitorern,
1107 1014 1339 1081 sperent
1381 1004 1591 1062 sore?’'
1674 1004 1839 1063 Bene

255 1102 579 1161 ministrum
625 1113 683 1166 et
729 1102 1115 1179 praebitorem,
1160 1102 1298 1177 quia
1337 1102 1634 1160 sordidum
1673 1101 1836 1178 regi3

254 1200 460 1257 melius
486 1199 681 1271 etiam,
710 1199 864 1275 quod
903 1199 1268 1276 largitionem
1295 1199 1679 1275 corruptelam
1709 1219 1837 1260 esse
1868 1203 1930 1258 10

255 1295 416 1354 dixit.
500 1295 599 1353 Fit
636 1296 797 1353 e'nitn
835 1296 1105 1367 deterior,
1134 1296 1232 1371 qui
1273 1296 1507 1372 accipit,
1551 1307 1734 1371 atque,
1764 1296 1838 1356 ad

255 1390 408 1449 idem
453 1411 676 1469 semper
720 1392 1167 1468 exspectandum
1208 1393 1477 1469 paratior.
1560 1392 1697 1451 Hoe
1737 1393 1837 1456 ille

253 1487 401 1547 filio:
443 1488 542 1546 sed
570 1500 919 1565 praeeeptum
948 1498 1216 1564 putemus
1244 1489 1542 1549 omnibus„
1609 1490 1837 1551 Quam-

254 1586 455 1643 obrem
510 1584 568 1644 id
621 1567 851 1661 guidem
906 1604 1024 1642 non
1088 1584 1330 1642 dubium
1382 1597 1489 1657 est,
1542 1586 1679 1661 quin
1735 1586 1838 1645 illa

255 1680 603 1758 benignitas,
632 1701 759 1757 quae
801 1690 1030 1739 constet
1054 1699 1129 1738 ex
1155 1682 1330 1756 opera
1358 1692 1417 1739 et
1445 1682 1749 1753 industria,
1776 1692 1837 1742 et
1866 1686 1928 1736 15

255 1778 550 1840 honestior
590 1780 684 1852 sit,
704 1788 772 1840 ¹et
812 1777 987 1838 latius
1030 1787 1244 1853 pateat,
1272 1788 1331 1836 et
1356 1778 1538 1853 possit
1561 1778 1838 1853 prodesse

252 1874 531 1952 pluribus.
1365 1940 1371 1946 ,

332 1971 767 2046 Nonnunquam
809 1980 1003 2030 tamen
1031 1980 1121 2038 est
1146 1970 1541 2048 larg,iendum;
1584 1989 1696 2032 neo
1723 1970 1836 2030 hoo

254 2068 629 2145 benignitatis
669 2087 855 2145 genus
893 2068 1136 2126 omnino
1170 2067 1586 2144 repudiandum
1616 2077 1735 2139 est3
1776 2065 1839 2128 e't

254 2183 405 2241 saepe
433 2164 654 2222 idoneis
694 2163 1026 2222 hominibus
1066 2164 1459 2242 indigentibus
1486 2166 1558 2222 de
1585 2183 1649 2222 re
1677 2165 1838 2226 fami·-
1862 2170 1928 2221 m

254 2261 385 2319 liari
426 2260 904 2337 impertiendum3
947 2261 1046 2318 sed
1080 2261 1411 2338 diligenter,
1441 2270 1612 2336 atque
1640 2263 1837 2320 mode-

256 2367 396 2416 rate.
479 2356 654 2416 Multi
695 2357 848 2415 enim
890 2357 1236 2433 patrimonia
1260 2358 1606 2430 effuderunt,
1636 2359 1838 2418 inoon-

256 2453 406 2513 sulte
433 2439 752 2531 largiendo.
831 2454 998 2516 Quid
1034 2465 1223 2520 autem
1253 2466 1340 2522 esjt
1366 2455 1615 2527 stultius,
1643 2476 1836 2532 quam,

258 2552 411 2626 quod
450 2551 698 2610 libenter
740 2550 940 2623 facias,
970 2570 1194 2624 entare,
1224 2562 1287 2610 ut
1316 2552 1369 2610 id
1400 2552 1616 2620 diutius
1645 2554 1838 2611 faeere

258 2666 375 2707 non
402 2648 630 2725 possis?
710 2649 908 2725 Atque
928 2649 1104 2706 etiam
1132 2662 1448 2724 sequuntur
1475 2645 1835 2727 largitionem
1864 2660 1929 2711 25

254 2745 487 2823 rapinae.
596 2745 746 2803 Cum
814 2745 971 2808 enim
1036 2746 1232 2806 dando
1297 2751 1470 2824 egere
1535 2746 1837 2821 eoeperint,

256 2843 463 2904 alienis
489 2842 659 2900 bonis
686 2861 893 2902 manus
922 2843 1125 2902 afferre
1152 2854 1456 2920 eoguntur.
1539 2842 1650 2913 Ita,
1680 2860 1837 2914 eum,

255 2925 672 3002 benevolentiae
728 2940 1132 3016 comparanda}
1179 2940 1377 3012 eausa,
1421 2938 1666 2996 benefici
1710 2953 1839 3006 ease
