2192 3517
327 215 453 286 los
996 239 1084 287 nr:
1121 193 1421 287 omens.
1838 235 1917 296 [L.
1936 234 2002 282 Π.
2181 177 2192 254 i

414 398 691 461 nostram,
745 389 838 447 his
905 390 1186 462 staminas,
1240 388 1332 446 his
1392 361 1624 460 libeios,
1679 385 2002 444 rectissime

414 486 727 545 committi·
754 487 1112 548 arbitramur.
1222 485 1449 544 Harum
1503 485 1679 562 igitur
1732 475 1997 556 duarum,

414 571 487 642 ad
529 584 701 642 fldem
742 585 1088 658 faciendam,
1127 584 1353 661 ⁴justitia
1376 583 1507 660 plus
1532 582 1743 659 pollet3
1787 580 1999 657 quippe

415 700 550 739 eum
578 701 667 757 ea,
691 682 818 739 sine
843 682 1172 759 prudentia,
1196 680 1335 739 satis
1361 681 1573 739 habeat
1602 678 1964 737 auctoritatis
1981 723 1994 749 ,

353 780 737 857 &prudentizn
767 780 891 837 sine
913 779 1155 857 justitia,
1186 778 1330 837 nihil
1359 778 1545 836 valeat
1572 777 1642 835 ad
1671 773 1997 835 faciendam

413 878 604 937 fidem.
685 878 830 939 Quo
865 877 1020 935 enim
1049 877 1178 951 quis
1206 876 1486 934 versutior
1514 884 1573 933 et
1600 874 1861 932 callidior
1890 884 1995 945 est,

413 976 529 1034 hoe
596 975 832 1034 invisior
883 968 951 1032 ef
994 973 1336 1051 suspeetior,
1392 972 1653 1031 detracta
1724 969 2008 1048 opinione

412 1072 730 1149 probitatis,
850 1071 1250 1134 Quamobrem
1319 1070 1715 1149 intelligentiae
1775 1068 1997 1146 justitia

414 1169 745 1245 conjuncta,
775 1178 1052 1243 quantum
1081 1169 1251 1243 volet,
1282 1168 1539 1240 habebit,
1572 1168 1642 1225 ad
1671 1166 1996 1225 faciendam

322 1263 385 1313 1⁰
413 1263 606 1338 fidem,
649 1265 891 1323 virium-z
931 1266 1172 1343 justitia,
1215 1266 1342 1324 sine
1379 1264 1710 1342 prudentii,
1753 1262 1995 1321 multum

410 1362 655 1439 poterit:
699 1361 825 1440 sine
847 1362 1091 1440 justitia,
1122 1362 1266 1420 nihil
1293 1362 1509 1421 valebit
1533 1360 1857 1439 prudentia.

492 1556 572 1614 X.
615 1557 754 1629 Sed,
783 1575 858 1614 ne
896 1556 1026 1633 quis
1062 1556 1139 1615 sit
1167 1556 1499 1628 admiratae,
1529 1573 1653 1628 our,
1684 1573 1819 1612 eum
1847 1554 1997 1612 inter
2191 1605 2192 1614 ,

414 1653 635 1711 omnes
654 1654 1026 1732 philosophos
1052 1663 1314 1727 «constet,
1359 1674 1393 1711 a
1430 1669 1637 1729 meque
1679 1652 1806 1728 ipso
1846 1667 1998 1727 saepe

414 1739 767 1828 disputatum
795 1752 888 1824 sit,
916 1751 1016 1829 qui
1055 1770 1233 1810 unam
1269 1751 1526 1823 haberet,
1554 1768 1757 1808 omnes
1785 1745 1997 1807 habere

322 1847 386 1896 15
414 1849 672 1921 virtutes,
715 1868 874 1908 nuno
929 1850 1010 1907 ita
1060 1850 1381 1926 sejungam,
1425 1847 1590 1924 quasi
1627 1847 1806 1924 possit
1847 1846 1999 1924 quis-

414 1964 605 2022 quam,
648 1947 746 2022 qui
801 1965 919 2004 non
960 1946 1114 2004 idem
1167 1946 1418 2023 prudens
1462 1945 1554 2018 sit,
1593 1946 1782 2022 justus
1836 1963 1996 2015 esse3

415 2041 529 2118 alia
554 2052 644 2099 est
673 2042 788 2114 illa,
819 2061 954 2099 eum
982 2042 1193 2099 veritas
1233 2042 1359 2119 ipsa
1397 2033 1629 2101 limatur
1658 2043 1718 2100 in
1747 2042 1999 2118 disputa·

411 2137 593 2209 tione,
637 2137 956 2209 subtilitas3
1003 2138 1135 2207 alia,
1179 2156 1311 2196 cum
1357 2139 1427 2197 ad
1468 2139 1800 2216 opinionem
1843 2156 2000 2196 com-

413 2252 648 2292 munem
701 2235 891 2294 omnis
947 2235 1414 2294 accommodatur
1467 2237 1667 2294 oratio.
1776 2236 2001 2299 Quam·

321 2330 386 2381 20
414 2332 634 2405 obrem,
664 2342 729 2390 ut
755 2333 978 2410 vulgus,
1008 2333 1090 2391 ita
1128 2351 1238 2390 nos
1278 2333 1392 2391 hoo
1431 2333 1563 2391 loeo
1601 2333 1904 2410 loquimur,
1935 2342 1998 2390 ut

416 2428 559 2486 alios
601 2429 796 2501 fortes,
841 2430 984 2487 alios
1027 2431 1214 2488 bonos
1251 2430 1422 2505 viroS,
1467 2430 1611 2488 alios
1659 2431 1997 2507 prudentes,

414 2525 694 2584 dicamus.
777 2524 1158 2603 Popularibus
1193 2527 1348 2586 enim
1376 2528 1565 2586 verbis
1593 2539 1680 2586 est
1710 2528 1999 2606 agendum

414 2632 475 2681 et
514 2623 757 2695 usitatiS,
787 2643 920 2682 eum
960 2624 1248 2700 loquimur
1276 2626 1348 2683 de
1377 2626 1652 2703 opinione
1696 2625 1998 2703 populari:

416 2720 591 2796 idque
645 2721 850 2779 eodem
904 2722 1080 2779 modo
1137 2722 1277 2781 feeit
1331 2722 1640 2781 Panaetius.
1752 2723 1869 2782 Sed
1928 2723 2000 2781 ad
2183 2677 2184 2750 i

324 2825 389 2875 25
415 2817 769 2897 propositum
798 2815 1169 2877 revertamur.
1539 2847 1546 2854 ·
2179 2783 2182 2876 i

495 2915 639 3000 Erat
679 2916 873 2995 igitur,
916 2936 989 2975 ex
1028 2918 1212 2978 tribus
1250 2937 1377 2996 quae
1420 2919 1491 2977 ad
1532 2919 1774 2997 gloriam
1826 2917 2003 2995 perti·

416 3023 595 3087 nent,
619 3015 734 3074 hoe
786 3014 1040 3089 tertium,
1080 3024 1166 3089 ut,
1207 3033 1344 3074 eum
1397 3009 1776 3076 admiratione
1820 3014 2004 3075 homi-
