2192 3517
214 216 403 277 L.‘111.]
788 215 877 262 DE
894 191 899 200 ‘
921 215 1211 262 osricus.
1767 199 1878 260 177

213 362 525 440 injuriam?
596 359 757 420 Mihi
795 361 1025 438 quidem
1053 362 1225 420 etiam
1254 381 1399 419 verae
1428 362 1788 424 haereditates

212 479 335 517 non
383 459 637 517 honestae
685 458 966 529 videntur,
1016 458 1064 515 si
1118 458 1233 516 sint
1287 458 1584 516 malitiosis
1630 459 1789 517 blan-

214 555 374 613 ditiis
414 556 756 626 officiorum,
798 574 915 632 uon
957 555 1214 625 veritate,
1257 555 1358 611 sed
1401 554 1785 628 simulatione,

211 652 482 729 quaesitae.
591 652 789 726 Atqui,
840 652 900 708 in
947 651 1158 709 talibus
1205 652 1394 721 rebus,
1446 651 1599 708 aliud
1645 645 1787 710 fitile

214 748 525 817 interdum,
571 748 723 805 aliud
766 747 1064 808 honestum
1117 747 1296 804 videri
1335 748 1500 805 solet.
1583 748 1784 806 Falso:
1815 759 1849 806 5

211 864 352 902 nam
379 845 580 902 eadem
608 844 891 915 utilitatis,
920 862 1046 919 quae
1087 844 1423 914 honestatis,
1454 854 1538 901 est
1571 845 1785 921 regula.

209 941 341 1002 Qui
395 940 508 997 hoc
560 960 679 999 non
731 940 1059 1017 perviderit,
1117 941 1188 998 ab
1241 940 1354 997 hoc
1418 940 1575 998 nulla
1635 940 1790 999 fraus

214 1036 420 1108 aberit,
476 1037 698 1094 nullum
762 1036 1003 1095 facinus.
1114 1036 1216 1094 Sic
1282 1035 1435 1094 enim
1503 1037 1786 1113 cogitans,

213 1140 254 1166 “
275 1132 385 1190 Est
421 1133 571 1190 istuc
612 1133 843 1208 quidem
891 1132 1227 1202 honestum3
1283 1152 1474 1190 verum
1531 1134 1644 1191 hoc
1697 1152 1790 1191 ex-

209 1229 432 1305 pedit,”
482 1247 577 1286 res
622 1249 657 1287 a
701 1211 907 1286 natura
961 1229 1256 1303 copulatas
1311 1230 1543 1287 audebit
1596 1249 1788 1289 errore
1818 1235 1879 1286 10

211 1325 520 1396 divellere3
575 1326 672 1401 qui
713 1325 841 1386 sons
880 1335 968 1382 est
1007 1325 1312 1398 fraudium,
1354 1327 1786 1401 maleficiorum,

211 1422 502 1481 scelerum
529 1421 804 1480 omnium.

294 1615 465 1673 XIX.
509 1614 731 1690 Itaque,
773 1614 945 1690 sibvir
986 1614 1173 1671 bonus
1214 1615 1420 1672 habeat
1460 1615 1610 1673 hanc
1650 1616 1785 1687 vim,

212 1724 300 1784 ut,
331 1712 378 1769 si
407 1711 602 1788 digitis
643 1711 1064 1786 concrepuerit,
1091 1710 1282 1786 possit,
1315 1711 1373 1767 in
1413 1711 1786 1786 locupletium

211 1818 559 1867 testamenta
608 1826 820 1865 nomen
884 1807 1007 1882 ejus
1071 1808 1341 1882 irrepere,
1397 1806 1507 1864 hac
1560 1807 1615 1863 vi
1669 1826 1786 1882 tion
1818 1810 1879 1858 15

212 1914 428 1976 utatur,
478 1923 555 1962 ne
616 1904 663 1961 si
727 1904 1076 1979 exploratum
1146 1902 1377 1977 quidem
1444 1903 1672 1974 habeat,
1726 1903 1787 1961 id

214 1999 454 2057 omnino
506 1999 796 2056 neminem
851 2017 1102 2072 unquam
1164 1998 1601 2073 suspicaturum.
1684 1999 1783 2070 At,

147 2078 151 2082 ⁶
213 2097 382 2154 dares
429 2097 580 2153 hanc
627 2093 873 2153 vimnM.
917 2095 1151 2165 Crasso,
1201 2107 1263 2151 ut
1312 2094 1617 2171 digitorum
1663 2115 1787 2172 per-
1845 2172 1849 2175 Δ

216 2192 482 2251 cussione
523 2193 703 2249 haeres
740 2201 934 2267 posset
975 2191 1224 2267 scriptus
1262 2211 1407 2262 esse,
1437 2192 1533 2266 qui
1563 2212 1625 2250 re
1652 2194 1786 2250 vera

214 2308 333 2346 non
375 2298 527 2345 esset
566 2289 777 2357 haeres;
823 2288 882 2345 in
923 2287 1047 2343 foro
1080 2286 1257 2363 (mihi
1299 2287 1497 2367 crede)
1536 2289 1783 2347 saltaret.
1815 2294 1877 2344 20

216 2384 414 2442 Homo
454 2394 643 2441 autem
677 2384 883 2459 justus,
914 2382 1074 2459 isque
1101 2402 1271 2458 quem
1300 2384 1574 2441 sentimus
1604 2386 1783 2442 virum

216 2482 451 2551 bonum,
506 2480 649 2538 nihil
704 2480 991 2554 cuiquam,
1038 2480 1193 2555 quod
1221 2479 1306 2537 -in
1355 2499 1416 2536 se
1464 2483 1783 2552 transferat,

214 2577 493 2635 detrahet.
577 2576 712 2634 Hoc
749 2576 848 2651 qui
886 2563 1215 2647 admiratur,
1245 2576 1294 2632 is
1327 2596 1407 2647 se,
1435 2577 1570 2652 quid
1600 2578 1674 2634 sit
1701 2578 1785 2634 vir

215 2672 422 2743 bonus,
453 2673 677 2730 nescire
719 2672 979 2730 fateatur.
1065 2667 1146 2730 At
1173 2691 1328 2743 vero,
1357 2672 1406 2729 si
1435 2673 1561 2746 quis
1594 2673 1786 2729 volue-

215 2768 292 2826 rit
339 2768 515 2826 animi
562 2769 650 2826 sui
699 2769 1101 2844 complicatam
1157 2769 1466 2827 notionen?
1503 2769 1783 2840 evolvere,
1814 2783 1878 2832 25

208 2865 328 2942 jam
370 2884 432 2922 se
472 2865 593 2941 ipse
634 2855 858 2936 doceat,
888 2855 1019 2922 eum
1049 2865 1248 2932 virum„
1272 2865 1485 2922 bonum
1516 2884 1661 2935 esse,
1688 2865 1786 2939 qui

213 2961 414 3040 prosit,
444 2961 650 3038 quibus
687 2961 900 3040 possit;
942 2972 1151 3020 noceat
1189 2957 1427 3035 nemini,
1458 2960 1571 3019 nisi
1607 2961 1788 3019 laces-
