2192 3517
316 164 429 223 178
973 178 1061 224 on
1103 177 1393 228 omens.
1784 175 1864 236 [1,.
1885 174 1969 221 m.

402 323 549 382 situs
586 324 813 402 injuria.
893 326 1057 388 Quid
1099 329 1277 405 ergo?
1321 327 1417 387 hic
1456 343 1576 384 non
1616 334 1844 395 noceat,
1873 324 1971 399 qui

403 419 652 496 quodam
692 422 854 497 quasi
884 442 1104 482 veneno
1128 424 1406 499 perficiat,
1435 433 1496 481 ut
1522 440 1687 484 veros
1714 420 1971 479 haeredes

404 528 649 590 moveat,
694 508 753 575 iri
794 538 991 577 eorum
1031 520 1223 578 locum
1267 519 1388 596 ipse
1428 518 1741 576 succedat?
1832 516 1970 575 Non

403 613 579 691 igitur
620 615 813 687 faciat,
846 614 1078 694 (dixerit
1118 616 1272 695 quis)
1308 616 1463 692 quod
1504 615 1643 674 utile
1682 615 1776 686 sit,
1818 614 1971 689 quod

345 720 377 767 5
403 711 708 786 expediat?
788 711 974 770 Immo
1014 712 1313 789 intelligat,
1346 711 1490 770 nihil
1532 730 1643 769 nec
1681 711 1969 786 expedire,

402 824 515 863 nec
556 808 695 865 utile
735 828 880 881 esse,
909 809 1061 884 quod
1088 807 1164 865 sit
1191 808 1482 884 injustum.
1564 807 1699 866 Hoc
1723 807 1826 888 qui
1855 826 1971 864 non

402 901 691 974 didicerit,
720 904 902 961 bonus
930 902 1010 960 vir
1039 922 1165 961 esse
1192 921 1308 961 non
1337 902 1564 980 poterit.

460 987 798 1057 'Fimbriam
866 999 1243 1071 consularem,
1306 999 1606 1060 audiebam
1671 1000 1745 1056 de
1810 1009 1974 1075 patre

361 1141 365 1146 .
406 1104 600 1152 nostro
638 1113 799 1171 puer,
822 1094 1079 1171 judicem
1119 1094 1202 1153 M.
1232 1095 1466 1153 Lutatio
1494 1095 1738 1154 Pinthiae
1775 1094 1972 1166 fuisse,

319 1205 379 1258 10
407 1189 585 1265 equiti
612 1189 883 1247 Romano
910 1210 1047 1254 sane
1075 1191 1339 1263 honesto,
1369 1210 1502 1252 cum
1530 1191 1580 1249 is
1606 1191 1974 1268 sponsionem

366 1358 373 1368 ‚
408 1284 658 1357 fecisset,
690 1292 728 1318 “
749 1286 809 1343 ni
836 1287 1021 1344 bonus
1061 1287 1147 1344 ‘vir
1186 1289 1414 1344 esset:”
1460 1287 1651 1361 itaque
1679 1287 1734 1343 ei
1764 1286 1974 1344 dixisse

404 1379 741 1453 Fimbriam,
770 1402 832 1440 se
865 1383 1019 1439 illam
1059 1401 1180 1440 rem
1221 1402 1512 1457 nunquam
1546 1382 1973 1460 judicaturum;

405 1495 482 1535 ne
536 1488 635 1535 aut
685 1478 954 1554 spoliaret
1008 1478 1160 1536 fama
1211 1480 1514 1555 probatum
1567 1478 1881 1551 hominem,
1926 1480 1974 1536 si

409 1584 613 1632 contra
644 1574 989 1651 judicassem
1035 1586 1132 1633 aut
1161 1576 1430 1633 statuisse
1455 1574 1762 1646 videretur,
1791 1576 1976 1633 virum

318 1687 380 1735 15
407 1668 621 1728 bonum
652 1668 895 1744 aliquem
922 1688 1067 1742 esse,
1091 1687 1224 1727 cum
1247 1688 1317 1728 ea
1340 1689 1433 1727 res
1460 1657 1978 1728 innumerabilibus

407 1763 614 1823 officiis
667 1775 725 1822 et
776 1765 1041 1823 laudibus
1094 1765 1502 1825 contineretur.
1583 1765 1743 1824 Huic
1803 1766 1979 1844 igitur

324 1908 332 1916 .
407 1861 528 1920 viro
582 1862 752 1933 bono,
809 1880 977 1937 quem
1047 1861 1304 1920 Fimbria
1368 1862 1561 1935 etiam,
1616 1879 1735 1921 non
1805 1863 1979 1920 modo

410 1958 699 2030 Socrates,
735 1948 1010 2030 noverat,
1076 1958 1235 2016 nullo
1302 1958 1474 2017 modo
1541 1958 1721 2016 videri
1786 1969 1979 2035 potest

408 2052 717 2128 quidquam
766 2071 891 2110 esse
938 2054 1100 2125 utile,
1149 2055 1300 2129 quod
1354 2074 1472 2112 non
1527 2055 1827 2113 honestum
1884 2056 1975 2113 sit.

317 2164 382 2214 20
408 2145 611 2222 Itaque
638 2147 768 2204 talis
795 2148 879 2204 vir
907 2167 1023 2206 non
1052 2150 1228 2208 modo
1249 2149 1459 2223 facere,
1490 2150 1590 2208 sed
1617 2170 1690 2208 ne
1720 2151 1979 2228 cogitare

408 2242 637 2318 quidem
690 2244 998 2319 quidquam
1032 2245 1307 2317 audebit,
1363 2246 1515 2320 quod
1581 2265 1699 2303 non
1739 2247 2018 2327 audeat-

407 2339 736 2415 proedicare.
846 2340 1012 2412 Haec,
1068 2360 1262 2412 nonne
1330 2353 1417 2399 est
1474 2353 1656 2418 turpe,
1712 2342 1978 2400 dubitare

406 2434 792 2514 philosophos,
842 2455 968 2510 quae
1016 2437 1089 2493 rie
1135 2436 1336 2494 rustici
1390 2437 1618 2511 quidem
1672 2436 1977 2495 dubitent'l

412 2517 447 2587 a
478 2530 682 2605 quibus
722 2541 919 2588 natum
961 2541 1047 2589 est
1088 2532 1166 2604 id,
1197 2532 1347 2607 quod
1382 2532 1848 2608 jamcontritum
1890 2544 1981 2591 est

319 2647 383 2698 25
410 2636 688 2684 vetustate
727 2628 1120 2703 proverbium:
1165 2648 1296 2686 cum
1339 2628 1491 2687 enim
1534 2628 1703 2687 fidem
1735 2629 1980 2705 alicujus

409 2721 837 2799 bonitatemque
862 2724 1119 2798 laudant,
1141 2726 1378 2802 dignum
1406 2745 1531 2783 esse
1561 2725 1779 2797 dicunt,
1806 2725 1982 2801 “qui-

411 2838 544 2879 cum
576 2818 636 2877 in
672 2820 924 2878 tenebris
965 2821 1200 2880 mices.'’
1284 2820 1415 2879 Hoc
1443 2841 1611 2897 quam
1640 2822 1812 2879 habet
1841 2822 1978 2892 vim,

411 2913 525 2974 nisi
578 2916 753 2988 fliam,
808 2916 950 2974 nihil
1019 2916 1308 2992 expedire,
1363 2917 1518 2992 quod
1570 2936 1687 2975 non
1752 2918 1978 2989 deceat,
