2192 3517
201 212 259 257 1„
277 204 346 269 1‚]
792 196 879 243 DE
918 196 1211 244 ormens.
1571 239 1576 244 ,
1796 186 1874 246 37

282 344 517 404 XVIII.
563 346 700 418 Sed,
721 346 780 405 in
802 346 894 404 his
916 346 1186 405 omnibus
1212 345 1421 404 officiis
1439 345 1782 418 tribuendis,

202 442 521 500 videndum
548 443 675 515 erit,
703 443 841 520 quid
885 443 1102 519 cuique
1133 443 1379 501 maxime
1416 461 1654 501 necesse
1690 444 1783 514 sit,

202 549 263 597 et
289 539 431 615 quid
461 540 721 615 quisque,
753 540 838 597 vel
869 540 995 597 sine
1021 539 1212 610 nobie,
1245 549 1340 597 aut
1379 540 1556 615 possit
1584 558 1786 598 conse-

203 636 329 711 qui,
362 645 461 693 aut
489 656 606 694 non
632 637 830 713 possit.
913 636 1007 694 Ita
1042 656 1161 694 non
1190 636 1365 695 iidem
1394 646 1563 695 erunt
1588 656 1787 695 neces-

204 733 531 791 situdinum
559 732 793 810 graduS,
812 734 909 809 qui
931 744 1282 814 temporum«
1359 734 1508 792 Sunt
1523 733 1783 809 quaedam
1813 747 1847 797 5

205 828 422 900 officia,
453 848 579 903 quae
611 829 736 888 aliis
764 830 949 914 magis
977 848 1148 905 quam
1178 829 1316 914 aliis=
1331 828 1680 886 debeantur:
1721 839 1786 887 ut

205 925 465 983 vicinum
494 925 665 984 citius
694 924 975 1002 adjuveris
993 926 1053 983 in
1075 925 1359 984 fructibus
1376 924 1785 1001 percipiendiS,

204 1040 380 1098 quam
428 1031 526 1079 aut
572 1021 803 1082 fratrem
855 1035 951 1080 aut
994 1022 1366 1088 familiarem:
1409 1034 1488 1094 at,
1517 1022 1567 1080 si
1609 1021 1683 1079 lis
1725 1021 1786 1078 in

199 1118 426 1195 judicio
453 1118 547 1189 sit,
577 1119 962 1194 propinquum
998 1120 1191 1196 potius
1226 1129 1283 1178 et
1313 1119 1582 1216 amicsum,
1613 1136 1785 1194 quam

208 1215 491 1286 vicinum,
537 1216 880 1274 defenderis,
966 1216 1113 1274 Haec
1168 1216 1343 1293 igitur
1390 1227 1449 1273 et
1493 1215 1632 1274 talia
1678 1215 1787 1274 cir·
1816 1230 1878 1284 m

206 1311 648 1388 cumspicienda
668 1323 800 1370 sunt
821 1313 880 1370 in
903 1314 1059 1370 omni
1078 1313 1271 1371 officio
1290 1334 1303 1383 ;
1347 1323 1406 1370 et
1423 1312 1785 1372 consuetudo

205 1407 661 1483 exercitatioque
705 1409 1007 1485 capienda,
1052 1420 1117 1467 ut
1171 1411 1307 1467 boni
1350 1409 1786 1468 ratiocinatores

207 1504 536 1563 officiorum
581 1523 709 1562 esse
754 1505 1057 1582 possimus,
1091 1515 1170 1577 et,
1201 1506 1465 1563 addendo
1499 1505 1788 1563 deducen-

210 1602 421 1677 doque,
453 1602 666 1674 videre,
697 1621 823 1677 quae
852 1602 1073 1677 ,reliqui
1118 1621 1341 1660 summa
1375 1603 1511 1660 fiat:
1554 1621 1625 1660 ex
1653 1619 1786 1678 quo,

209 1707 489 1774 quantum
520 1698 729 1774 cuique
758 1698 1055 1769 debeatur,
1086 1697 1395 1774 intelligas..
1822 1713 1885 1772 15

290 1794 432 1866 Sed,
462 1805 526 1854 ut
550 1814 662 1853 nec
690 1794 903 1853 medici
931 1812 1042 1851 nec
1064 1794 1438 1869 imperatores
1466 1812 1576 1850 nec
1606 1804 1791 1851 orato·

210 1909 324 1963 ree,
344 1891 602 1966 quamvis
622 1891 758 1949 artis
778 1899 1066 1967 praecepta
1079 1890 1461 1966 perceperint,
1483 1890 1793 1965 quidquam

214 1988 430 2066 magna
473 1987 644 2046 laude
689 1988 930 2065 dignum
966 1987 1091 2045 sine
1136 2006 1243 2044 usu
1284 1997 1341 2044 et
1378 1986 1795 2046 exercitatione

213 2085 495 2161 consequi
541 2095 809 2161 possunt;
867 2085 953 2144 sic
1005 2084 1180 2143 officii
1225 2085 1607 2142 conservandi
1653 2103 1796 2162 prae-

215 2192 391 2259 cepta
415 2182 723 2240 traduntur
752 2182 853 2240 illa
876 2181 1132 2258 quidem,
1157 2192 1219 2239 ut
1240 2182 1481 2240 facimus
1506 2182 1648 2258 ipsi:
1690 2180 1791 2238 sed
1820 2186 1888 2238 20

214 2278 304 2339 rei
345 2278 683 2356 magnitudo
729 2297 896 2336 usum
941 2296 1167 2353 quoque
1211 2278 1794 2353 exercitationemque

215 2375 524 2434 desiderat.
607 2377 821 2452 Atque,
847 2378 917 2436 ab
945 2374 1017 2433 iis
1044 2377 1218 2434 rebus
1244 2394 1379 2451 quae.
1411 2386 1544 2433 sunt
1574 2376 1634 2433 in
1666 2375 1798 2452 jure

215 2473 515 2532 societatis
559 2473 844 2544 humanae,
884 2473 1365 2548 quemadmodum
1414 2472 1657 2531 ducatur
1698 2472 1799 2530 ho-

214 2580 468 2643 nestum,
517 2589 588 2628 ex
634 2589 748 2647 quo
795 2559 988 2647 aptum
1033 2580 1117 2627 est
1161 2569 1436 2641 officium,
1483 2569 1622 2627 satis
1674 2569 1796 2626 fere

173 2706 184 2715 -
218 2666 489 2725 diximus,
1702 2729 1710 2734 ,
1779 2659 1786 2666 ’
1822 2672 1885 2725 π

297 2762 749 2843 Intelligendum
790 2774 879 2823 est
920 2774 1131 2834 autem,
1173 2781 1308 2821 cum
1347 2762 1642 2839 proposita
1678 2759 1796 2820 sint

215 2878 437 2940 genera
475 2871 740 2937 quatuor,
782 2860 1064 2936 exquibus
1118 2860 1389 2918 honestas
1428 2858 1797 2933 officiumque

216 2967 504 3031 manaret,
554 2957 1085 3035 splendidissimum
1137 2955 1339 3029 videri,
1393 2955 1549 3031 quod
1604 2954 1795 3040 animo

616 3055 656 3112 4
