2192 3517
344 150 460 217 '182
874 191 879 196 -
1010 165 1099 211 nr.
1141 164 1431 214 omens
1603 163 1638 213 ε
1817 163 1898 224 11„
1917 161 1998 210 nt

361 324 375 338 ·
431 325 803 385 mercaturas,
871 313 1229 374 venditiones
1295 312 1723 371 fraudulentas?
1841 310 2000 369 Ecce

428 410 558 483 tibi,
608 411 705 485 qui
759 429 858 468 rex
911 396 1109 487 populi
1163 410 1414 469 Romani
1462 409 1840 483 dominusque
1886 427 2002 465 om·

431 508 591 565 nium
621 508 876 585 gentium
907 526 1033 565 esse
1061 506 1443 582 concupierit,
1474 506 1645 581 idque
1679 505 1997 581 perfecerit.

433 604 606 661 Hanc
662 603 1032 680 cupiditatem
1074 603 1123 659 si
1166 604 1463 660 honestam
1504 601 1631 677 quis
1670 620 1797 659 esse
1840 601 1999 674 dicit,

371 710 406 760 5
434 718 631 758 amens
691 713 810 757 est:
878 700 1080 776 pr‘obat
1149 698 1304 756 enim
1370 699 1563 775 legum
1617 708 1674 755 et
1725 698 2002 756 libertatis

432 785 746 867 interitum,
800 813 1112 870 earumque
1177 795 1608 872 oppressionem
1673 803 1879 851 tetram
1945 805 2000 851 et

432 892 848 964 detestabilem,
878 892 1184 968 gloriosam
1212 900 1388 967 putat.
1468 891 1591 953 Qui
1637 901 1825 948 autem
1870 891 2001 950 fate·

333 1025 343 1034 ›
432 1002 545 1062 tur,
600 990 901 1046 honestum
965 1008 1086 1045 non
1153 1007 1300 1059 esse,
1356 988 1413 1046 in
1468 988 1538 1045 efi
1594 987 1828 1045 civitate
1880 1007 2002 1062 quae

424 1086 615 1143 'libera
654 1085 777 1155 fuit,
808 1104 1049 1160 quaeque
1088 1104 1215 1142 esse
1253 1085 1481 1156 debeat,
1509 1102 1770 1161 regnare,
1799 1084 1901 1140 sed
1929 1085 2002 1154 ei,

344 1191 414 1245 10-
433 1183 532 1257 qui
562 1182 617 1238 id
648 1182 836 1238 facere
862 1181 1056 1257 possit,
1084 1177 1425 1251 esse'utile3
1469 1181 1582 1256 qu&
1626 1181 1779 1237 hunc
1820 1180 2006 1256 objur-

418 1279 684 1356 gatione,
717 1290 813 1340 aut
854 1298 968 1353 quo
1007 1279 1200 1354 potius
1240 1278 1522 1349 convicia,
1552 1263 1771 1344 ⁴atanto
1811 1295 2004 1334 errore

432 1392 611 1432 coner
654 1376 893 1435 avellere
911 1378 950 1434 2⁴
1015 1374 1214 1433 Potest
1239 1375 1392 1436 enim
1417 1374 1552 1451 (Dii
1594 1374 2004 1452 immortalesl)

432 1471 702 1547 cuiquam
751 1489 877 1529 esse
930 1473 1069 1530 utile
1123 1472 1498 1534 foedissimum
1544 1480 1604 1529 et
1649 1455 2004 1527 teterrimum

431 1568 805 1644 parricidium
859 1568 1089 1644 patriae3
1147 1566 1405 1643 quamvis
1444 1567 1513 1637 is,
1555 1565 1653 1641 qui
1692 1585 1755 1623 se
1795 1583 1869 1623 eo
1909 1565 2008 1622 ob-

346 1677 405 1726 15
432 1665 743 1737 strinxerit,
786 1667 859 1734 ab
898 1664 1184 1741 oppressis
1225 1663 1450 1721 civibus
1489 1662 1703 1720 Parens
1750 1661 2009 1720 nomine·

432 1763 564 1819 tur?
674 1762 990 1820 Honestate
1045 1760 1220 1838 igitur
1273 1746 1577 1837 dirigenda
1630 1757 1848 1816 utilitas
1900 1770 2008 1830 est,

432 1868 492 1915 et
530 1857 762 1933 quidem
814 1857 922 1928 sic,
964 1867 1028 1914 ut
1068 1856 1194 1915 haec
1234 1855 1351 1913 duo
1391 1856 1562 1914 verbo
1601 1855 1751 1913 inter
1793 1873 1857 1913 se
1897 1855 2013 1912 dis-

419 1971 688 2029 crepare,
717 1972 780 2009 re
807 1963 999 2010 tamen
1029 1943 1205 2011 unum
1235 1971 1462 2024 sonare,
1490 1951 1806 2012 videantur.

509 2049 647 2106 Non
691 2049 895 2115 habeb,
941 2049 1009 2105 ad
1050 2039 1206 2126 vulgi
1261 2049 1611 2125 opinionem,
1651 2065 1777 2124 qnae
1832 2049 2013 2126 major

339 2158 404 2206 20
433 2145 668 2216 militae,
696 2164 864 2221 quam
894 2146 1195 2221 regnandi,
1222 2164 1351 2204 esse
1376 2146 1587 2221 possit:
1631 2145 1773 2202 nihil
1803 2155 2017 2204 contra

432 2242 691 2300 inutilius
712 2242 787 2313 ei,
811 2242 909 2316 qui
939 2242 994 2304 id
1023 2241 1234 2319 injuste
1262 2251 1611 2304 consecutus
1637 2241 1731 2312 sit,
1754 2240 2012 2314 invenio,

429 2357 565 2397 cum
594 2340 664 2399 ad
692 2339 989 2398 veritatem
1019 2340 1168 2416 coepi
1196 2358 1466 2398 revocare
1495 2340 1790 2397 rationem.
1873 2338 2018 2396 Poe-

427 2444 563 2493 sunt
602 2434 757 2500 enim
801 2436 1065 2511 cuiquam
1109 2455 1236 2494 esse
1276 2436 1444 2497 utiles
1486 2454 1750 2513 angores,
1791 2434 2018 2493 sollici-

427 2531 681 2603 tudineS,
721 2532 910 2592 diurni
952 2543 1011 2591 et
1049 2532 1322 2592 nocturni
1367 2543 1571 2604 metus,
1613 2532 1731 2589 vita
1749 2531 2019 2630 ‘insidia-

333 2639 402 2689 25
426 2647 555 2685 rum
582 2628 1081 2705 periculorumque
1108 2620 1482 2705 plenissima?

468 2781 500 2807 ‘⁴
516 2775 705 2825 Multi
692 2776 847 2839 miqui
869 2784 1015 2839 atque
1037 2776 1265 2826 infideles
1284 2792 1460 2843 regno,
1480 2777 1628 2840 pauci
1649 2786 1771 2827 sunt
1790 2779 1971 2841 boni‚’'

429 2915 616 2994 inquit
647 2917 880 2976 Accius.
965 2918 1046 2976 At
1086 2919 1184 2977 cui
1224 2920 1443 2997 regno?
1482 2919 1656 2995 quod,
1689 2940 1722 2977 a
1748 2919 2017 2980 Tantalo
