2192 3517
336 209 343 216 ·
371 177 454 242 5⁰
1018 196 1132 244 -ΒΕ
1177 195 1472 242 ort-icus.
1889 179 2007 253 ’[ι.
2032 192 2073 239 1.

468 343 734 417 alterum,
761 356 827 404 ut
853 356 1038 406 totum
1068 365 1281 422 corpus
1321 344 1654 420 reipublicae
1697 353 1931 414 curent,
1961 361 2071 414 ne,

467 439 606 497 dum
644 427 866 517 partem
913 444 1160 520 aliquam
1202 452 1456 513 tuentur,
1486 441 1734 516 reliquas
1760 441 2056 497 deserant

467 535 547 594 Ut
591 539 769 595 enim‘
802 541 1004 612 tutela,
1045 540 1135 597 sic
1192 538 1525 615 procuratio
1572 536 1932 613 reipublicae,
1989 535 2068 593 ad

468 619 774 693 utilitatem
816 654 1016 693 eorum
1056 636 1156 711 qui
1194 634 1484 693 commissi
1525 644 1677 705 sunt,
1707 653 1823 692 non
1855 633 1932 690 ad
1963 652 2069 689 eo-

408 742 440 790 5
469 744 597 783 rum
651 728 861 802 quibus
902 728 1226 798 ,commissa
1276 737 1388 799 est,
1432 727 1688 804 gereuda
1734 735 1838 782 est.
1925 724 2064 788 Qui

472 834 664 880 autem
690 809 840 900 parti
870 824 1084 881 civium
1115 824 1445 895 consulunt,
1473 833 1693 899 partem
1715 821 2062 899 negligunt,

469 939 591 977 rem
628 920 1179 996 perniciosissimam
1208 919 1271 977 in
1297 920 1585 977 civitatem
1630 918 1939 990 inducunt,
1970 937 2064 975 se—

470 1016 751 1075 ditionem
797 1027 966 1091 atque
1013 1016 1398 1078 discordiam:
1454 1036 1527 1074 ex
1573 1036 1685 1092 quo
1731 1016 1948 1087 evenit,
1993 1026 2061 1073 ut

473 1113 568 1171 alii
611 1114 935 1189 populares,
967 1114 1064 1171 alii
1108 1113 1346 1172 studiosi
1396 1114 1596 1190 optimi
1644 1113 1924 1190 cujusque
1975 1113 2060 1170 vi-

254 1204 291 1260 “.
377 1213 440 1262 10
470 1210 734 1281 deantur,
763 1210 938 1286 pauci
968 1211 1385 1268 universorum.

549 1305 709 1364 Hinc
754 1307 901 1383 apud
932 1307 1325 1365 Athenienses
1354 1326 1575 1384 magnae
1599 1306 1947 1376 discordiae3
1990 1307 2051 1364 in

468 1404 665 1461 nostra
706 1405 1006 1480 republica
1044 1424 1161 1463 non
1203 1405 1406 1474 solum,
1430 1404 1757 1473 seditiones,
1787 1404 1890 1461 sed
1925 1422 2053 1480 pes-

442 1499 638 1558 ·tifera
675 1501 849 1562 etiam
891 1502 1044 1563 bella
1097 1502 1331 1559 civilia:
1387 1520 1514 1578 quae
1555 1501 1745 1579 gravis
1786 1510 1845 1557 et
1885 1499 2050 1559 fortis

471 1589 725 1669 civisret
767 1598 827 1655 in
868 1597 1169 1675 republica⁴
1213 1599 1427 1676 dignus
1467 1598 1813 1675 principatu,
1844 1598 2047 1675 fugiet,

378 1702 441 1752 15
473 1704 642 1770 atque
671 1693 893 1765 oderit3
936 1696 1236 1772 tradetque
1265 1711 1328 1753 se
1353 1705 1539 1753 totum
1567 1694 1920 1771 reipublicae,
1948 1714 2047 1753 ne-
2079 1693 2096 1698 ”

470 1810 584 1865 que
609 1811 746 1867 opes
776 1801 873 1849 aut
899 1793 1215 1868 potentiam
1251 1791 1711 1850 consectabitur:
1753 1801 2046 1867 totamque

469 1906 595 1946 eam
625 1889 711 1945 sic
732 1889 1004 1961 tuebitur,
1030 1899 1092 1947 ut
1111 1890 1377 1947 omnibus
1398 1889 1677 1946 consulat.
1758 1887 1891 1946 Nec
1910 1908 2045 1946 vero

470 1985 811 2048 criminibus
865 1985 1024 2043 falsis
1064 1984 1126 2040 in
1167 1985 1364 2052 odium
1409 1995 1505 2042 aut
1559 1985 1828 2043 invidiam
1871 2005 2047 2060 quen-

468 2098 638 2155 quam
668 2080 931 2138 vocabit:
972 2079 1324 2155 omninoque
1361 2081 1441 2137 ita
1474 2080 1710 2157 justitiae
1738 2083 2045 2140 honestati-

372 2191 438 2242 20
466 2163 579 2252 que
623 2176 995 2248 adhaerescet,
1040 2187 1123 2248 ut,
1151 2176 1287 2234 dum
1330 2197 1402 2235 ea
1441 2188 1758 2251 conservet,
1789 2180 2042 2254 quamvis

463 2273 713 2351 graviter
778 2274 1052 2346 offendat,
1108 2283 1467 2349 mortemque
1534 2284 1767 2351 oppetat
1831 2276 2038 2351 potius,

463 2391 631 2448 quam
664 2370 891 2429 deserat
919 2371 1035 2443 illa,
1065 2390 1191 2447 quae
1220 2371 1358 2428 dixi.

545 2466 877 2525 Miserrima
929 2478 1017 2525 est
1062 2468 1298 2526 omnino
1343 2467 1600 2539 ambitio,
1649 2469 2037 2544 honorumque

464 2564 763 2623 contentio
783 2584 798 2634 3
856 2563 930 2621 de
985 2566 1099 2639 qus⁴
1146 2564 1422 2641 praeclare
1466 2565 1613 2641 apud
1668 2564 1913 2621 eundem
1953 2578 2036 2623 est

376 2670 439 2720 25
465 2662 801 2719 Platonem:
858 2667 895 2694 “
923 2660 1205 2719 Similiter
1259 2661 1451 2719 facere
1491 2680 1612 2733 eos,
1654 2661 1753 2737 qui
1795 2660 1939 2719 inter
1976 2682 2034 2720 se

465 2758 906 2830 contenderent,
935 2767 1063 2817 uter
1102 2760 1295 2840 potius
1334 2758 1748 2836 rempublicam
1779 2758 2034 2832 adminis·
2125 2811 2134 2828 .

464 2866 661 2926 traret,
693 2865 754 2912 ut
782 2854 831 2913 si
859 2863 1051 2914 nautae
1091 2865 1398 2929 certarent,
1429 2855 1555 2932 quis
1582 2863 1781 2913 eorum
1820 2855 2032 2944 potissi-

465 2971 623 3009 mum
684 2953 1087 3030 gubernaret.'’
1168 2951 1447 3030 Idemque
1498 2953 1779 3032 praecipit,
1830 2960 1892 3012 ut
1935 2970 2029 3010 eos
