2192 3517
10 1779 27 1812 Π·

168 218 224 264 1..
244 217 357 277 ιιι]
741 218 828 265 DE
872 218 1162 265 omens.
1714 207 1829 267 167

165 383 285 424 non
311 375 418 437 est,
436 375 761 442 emptorem
800 366 920 443 pati
956 384 1144 439 ruere,
1174 376 1233 424 et
1256 385 1358 443 per
1393 386 1642 426 errorem
1671 367 1733 426 in

165 462 473 520 maximam
515 462 772 520 fraudem
813 462 1149 520 incurrere?
1235 462 1373 520 Plus
1410 463 1583 522 etiam
1622 473 1730 536 est,

165 576 336 633 quam
367 558 512 616 viam
543 577 659 616 non
697 567 1046 616 monstrare:
1089 578 1225 616 nam
1252 568 1340 617 est
1366 559 1642 618 scientem
1670 560 1732 618 in

164 672 412 712 errorem
470 654 707 712 alterum
762 655 1054 713 inducere.
1149 655 1445 732 Diogenes
1498 666 1730 715 contra:

163 749 326 807 Num
367 760 424 808 te
464 769 661 810 emere
678 750 909 828 coegit,
952 751 1052 826 qui
1089 770 1165 809 ne
1205 743 1464 835 heitatus
1501 751 1731 828 quidem
1762 760 1796 811 5

163 848 292 905 est?
366 847 521 919 rme,-
554 847 703 923 quod
743 866 863 905 non
900 846 1187 924 placebat,
1217 848 1593 924 proscripsit:
1648 835 1760 921 tu,'

162 943 320 1019 quod
343 943 626 1020 placebat,
654 944 860 1002 emisti.
961 944 1142 1005 Quod
1166 944 1217 1002 si
1244 943 1342 1021 qui
1358 939 1734 1021 ‘proscribunt

165 1039 411 1098 “villam
440 1041 669 1112 bonam,
691 1041 953 1115 beneque
980 1040 1376 1113 oedfficatam,”
1399 1059 1516 1099 non
1545 1041 1739 1099 existi-⁶

163 1147 393 1194 mantur
434 1136 722 1210 fefellisse,
750 1137 923 1195 etiam
952 1136 1001 1194 si
1028 1137 1126 1195 illa
1163 1156 1275 1195 nec
1301 1138 1451 1196 bona
1488 1148 1595 1210 est,
1622 1157 1735 1196 nec

162 1232 447 1290 edificata
486 1233 735 1304 ratione3
777 1233 959 1291 multo
991 1233 1199 1308 minus,
1228 1234 1326 1309 qui
1354 1235 1589 1292 domum
1615 1254 1732 1293 non
1765 1237 1828 1288 10

161 1329 485 1388 laudarunt.
567 1328 681 1387 Ubi
721 1331 875 1387 enim
910 1330 1194 1406 judicium
1220 1330 1490 1406 emptoris
1516 1340 1623 1403 est,
1653 1331 1731 1389 ibi

163 1425 320 1483 fraus
367 1426 680 1483 venditoris
731 1444 857 1502 quae
904 1435 1094 1501 potest
1138 1428 1303 1500 esse?
1384 1427 1491 1486 Sin
1542 1438 1733 1486 autem

163 1520 386 1580 dictum
412 1540 529 1581 non
558 1540 729 1580 omne
763 1521 1147 1598 praestandum
1176 1532 1262 1580 est
1279 1542 1307 1591 ;’
1338 1522 1489 1597 quod
1513 1523 1734 1581 dictum

163 1635 283 1676 non
318 1625 426 1689 est,
455 1618 515 1674 id
552 1618 937 1696 praestandum
980 1619 1187 1694 putas?
1265 1618 1432 1680 Quid
1472 1638 1609 1677 vero
1643 1631 1733 1679 est

165 1714 415 1785 stultius,
455 1733 625 1790 quam
666 1715 1039 1785 venditorem,
1082 1715 1205 1791 ejus
1247 1716 1349 1787 rei,
1392 1719 1561 1791 quam
1603 1734 1736 1773 ven·
1765 1723 1827 1772 15

164 1809 284 1882 dat,
325 1810 464 1868 vitia
508 1813 780 1870 narrare?
833 1811 969 1886 quid
1013 1793 1201 1868 autem
1246 1823 1361 1868 tam
1407 1811 1733 1884 absurdum,

164 1923 338 1981 quam
391 1906 461 1977 si,
514 1906 736 1964 domini
796 1906 978 1983 jussu,
1034 1906 1116 1964 ita
1166 1925 1357 1983 praeco
1420 1907 1735 1984 praedicet?

166 2009 203 2036 “
224 2001 478 2060 Domum
503 2003 863 2078 pestiientem
893 2003 1134 2060 vend0.''

246 2098 350 2156 Sic
403 2116 562 2175 erge,
617 2098 677 2156 in
742 2099 1079 2174 quibusdam
1146 2099 1335 2158 causis
1401 2099 1610 2172 dubiis,
1663 2118 1742 2184 ex⁴

167 2194 348 2254 altera
399 2195 565 2270 parte
615 2194 939 2254 defenditur
993 2195 1281 2267 honestas,
1322 2211 1395 2254 ex
1438 2196 1613 2255 altera
1654 2198 1735 2255 ita
1764 2204 1829 2254 2⁰

167 2291 243 2349 de
281 2291 529 2350 utilitate
556 2291 798 2363 dicitur,
839 2302 902 2354 ut
947 2291 1027 2364 id,
1069 2292 1223 2368 quod
1276 2291 1416 2351 utile
1454 2294 1732 2366 videatur,

165 2406 287 2445 non
328 2387 500 2446 modo
537 2386 728 2445 facere
769 2387 1068 2447 honestum
1111 2388 1183 2445 sit
1199 2408 1213 2458 3
1257 2388 1357 2445 sed
1394 2389 1587 2460 etiam,
1616 2408 1734 2447 non

169 2483 380 2554 facere,
410 2493 592 2558 turpe.
675 2483 820 2542 Hoec
846 2493 935 2540 est
960 2483 1076 2554 illa,
1104 2502 1229 2560 quae
1257 2483 1479 2541 videtur
1507 2485 1735 2543 utilium
1772 2501 1778 2508 ’

167 2578 293 2637 fieri
333 2597 464 2636 cum
507 2579 764 2643 honestis
795 2598 944 2655 saepe
971 2578 1268 2640 dissensio·
1348 2581 1502 2643 Quae
1530 2581 1737 2658 dijudi-

168 2675 360 2736 canda
396 2685 562 2733 sunt:
603 2694 721 2733 non
758 2676 931 2748 enim,
951 2684 1025 2732 ut
1050 2693 1449 2752 quaereremuS,
1478 2677 1831 2753 exposui-25

167 2790 319 2844 mus,
360 2773 461 2829 sed
503 2782 566 2830 ut
605 2772 1033 2849 explicaremus.
1054 2807 1067 2814 -
1116 2773 1253 2832 Non
1300 2774 1471 2851 igitur
1514 2774 1736 2831 videtur

168 2885 283 2926 nec
323 2868 727 2926 frumentarius
765 2868 862 2950 ille
916 2869 1203 2940 Rhodios,-
1242 2889 1354 2927 nec
1393 2870 1492 2927 hic
1529 2868 1736 2926 aedium

168 2965 456 3038 venditor,
524 2964 716 3025 celare
787 2975 1068 3042 emptores
1141 2965 1421 3024 debuisse.
1530 2963 1737 3040 Neque
