2192 3517
192 199 376 260 1..111.1
764 200 852 248 ΒΕ
895 201 1185 248 ort-mus.
1739 185 1853 245 173

265 348 448 412 Quod
488 350 540 407 si
579 358 738 408 recte
772 349 1071 427 judicavit,
1100 367 1218 407 non
1258 358 1415 406 recte
1451 347 1759 407 frumenta-

188 445 310 504 rius
351 446 469 519 ille,
496 465 613 505 non
654 456 815 505 recte
850 446 1057 504 aedium
1084 445 1471 521 pestilentium
1505 445 1759 503 venditor

187 543 389 600 tacuit.
499 543 619 601 Sed
669 542 998 620 hujusmodi
1050 542 1368 601 reticentiae
1420 540 1549 617 jure
1604 542 1759 601 civili

172 658 393 697 omnes
433 639 843 722 comprehendi
893 659 1009 697 non
1061 649 1333 715 possunt:
1390 658 1516 714 quae
1571 649 1759 698 autem

186 746 449 811 possunt,
491 735 797 813 diligenter
849 746 1134 793 tenentur.
1217 734 1300 793 M.
1345 733 1567 794 Marius
1618 736 1762 793 Gra·
1792 740 1824 788 5

187 832 464 903 tidianuS,
511 832 883 907 propinquus·
918 845 1135 904 noster,
1173 831 1252 889 Ὀ.
1308 830 1514 909 Sergio
1566 830 1761 889 O'ratae

186 927 526 987 vendiderat
553 928 705 986 aedes
731 946 849 1001 eas,
879 929 1122 1003 quasxab
1149 928 1351 985 eodem
1392 927 1532 1004 ipse,
1559 928 1762 1005 paucis

190 1033 325 1083 ante
355 1025 800 1096 annis,‹emerat.
885 1023 994 1085 Hae
1018 1024 1617 1102 Sergio¹serviebantt
1660 1023 1761 1081 sed

186 1105 305 1179 hoc
333 1121 395 1179 in
421 1121 712 1198 mancipio
748 1120 983 1179 Marius
1009 1140 1129 1182 non
1169 1121 1406 1180 dixerat.
1488 1121 1764 1195 Adducta

186 1237 282 1278 res
321 1217 383 1275 in
419 1218 702 1295 judicium
735 1229 838 1277 est.
919 1217 1157 1276 Oratam
1186 1218 1449 1290 Crassus,
1477 1218 1764 1277 Gratidia-
1796 1221 1857 1270 10

183 1331 331 1373 num
376 1312 721 1372 defendebat
764 1313 1071 1371 Antonius
1154 1313 1262 1378 Jus
1308 1313 1551 1372 Crassus
1599 1321 1764 1392 urge-

185 1410 322 1468 bat:
365 1410 518 1486 quod
558 1409 682 1467 vitii
723 1410 984 1472 venditor
1023 1428 1143 1467 non
1183 1409 1420 1467 dixisset
1461 1411 1671 1483 scienS,
1701 1412 1760 1469 id

100 1551 109 1558 „
185 1517 456 1583 oportere
496 1504 796 1584 praestari:
865 1507 1192 1581 oequitatem
1244 1505 1572 1565 Antonius:
1625 1505 1764 1583 quo-¹

186 1604 347 1662 niam
376 1602 435 1662 id
460 1603 664 1661 vitium
705 1602 967 1680 ignotum
1011 1602 1233 1680 Sergio·
1255 1621 1372 1660 non
1416 1603 1635 1676 fuisset,
1663 1604 1761 1678 qui
1815 1665 1822 1670 ,

187 1700 318 1760 illas
346 1700 499 1759 tedes
531 1700 899 1772 vendidisset,
927 1699 1070 1757 nihil
1114 1699 1294 1758 fuisse
1330 1687 1569 1757 necesse
1610 1700 1730 1758 dici
1747 1721 1761 1771 ;
1796 1715 1856 1763 15

184 1816 301 1857 nec
343 1809 475 1855 eum
517 1815 644 1854 esse
684 1797 1013 1873 deceptum,
1054 1796 1155 1872 qui
1196 1795 1273 1867 id,
1318 1795 1471 1871 quod
1525 1805 1762 1869 emerat,

187 1913 309 1970 quo
354 1893 483 1971 jure
540 1904 711 1965 esset,
765 1902 1019 1972 teneret:
1113 1893 1413 1958 Quorsum
1467 1893 1633 1954 haec'l
1699 1902 1765 1950 ut

187 1991 333 2049 illud
375 1990 684 2068 intelligas,
715 2009 834 2050 non
873 1989 1166 2070 placuisse
1191 1989 1514 2067 majoribus
1553 1989 1765 2047 nostris

185 2097 427 2146 astutos

269 2279 466 2338 XVII.
515 2281 632 2338 Sed
675 2280 837 2338 aliter
872 2269 1054 2357 leges,
1087 2280 1249 2342 aliter
1287 2280 1632 2357 philosophi,
1659 2277 1764 2339 tol·
1792 2293 1856 2343 20

187 2374 316 2433 lunt
347 2375 614 2433 astutias:
656 2376 833 2453 legeS,
863 2376 1147 2450 quatenus
1185 2379 1360 2435 m‘anu
1400 2388 1597 2435 tenere
1633 2396 1765 2456 pos-

188 2482 357 2540 sunt3
398 2471 744 2548 philosophi,
774 2473 1057 2548 qua-tenus
1096 2472 1318 2531 ratione
1353 2482 1412 2530 et
1443 2473 1765 2551 intelligen-

90 2613 97 2620 .
187 2569 288 2627 tia.
373 2569 555 2634 Ratio
595 2569 770 2647 igitur
796 2570 1066 2645 postulat,
1097 2588 1170 2626 ne
1199 2570 1336 2645 quid
1364 2569 1659 2641 insidiose,
1688 2588 1764 2626 ne

185 2665 327 2741 quid
367 2655 655 2738 simulate,
682 2685 756 2734 ne
783 2666 920 2741 quid
950 2666 1247 2724 fallaciter.
1332 2668 1556 2724 Suntne
1588 2665 1763 2742 igitur

186 2762 435 2834 insidiae,
464 2762 702 2821 tendere
742 2762 958 2838 plagas,
988 2762 1166 2819 etiam*
1186 2762 1240 2819 si
1268 2762 1618 2820 excitaturus
1646 2779 1762 2818 non
1793 2774 1855 2824 25

183 2858 268 2916 sis
310 2859 479 2931 seras,
522 2878 633 2917 nec
677 2858 1031 2935 agitaturus?
1087 2858 1224 2934 ipsae
1266 2859 1440 2929 enim,
1481 2857 1639 2915 nullo
1680 2857 1764 2914 in-

183 2951 486 3032 sequente,
517 2974 668 3031 saepe
695 2954 992 3012 incidunt:
1033 2955 1121 3013 sic
1149 2949 1209 3013 tu
1240 2951 1392 3012 aedes
1416 2954 1763 3031 proscribas.

664 3050 795 3110 15*
