2192 3517
327 223 441 283 126
702 293 705 298 ‚
992 234 1079 283 DE
1125 233 1415 283 orrrcns.
1829 231 1908 295 [L.
1929 230 1999 281 11.

414 384 658 443 multum
685 385 904 458 volunt,
925 401 1027 462 per
1054 384 1311 463 hospites
1340 383 1487 461 apud
1517 391 1788 441 externos
1813 402 1999 460 popu-

412 482 500 539 los
543 483 729 541 valere
772 483 978 559 opibus
1018 493 1076 541 et
1116 482 1317 560 gratia.
1399 479 1838 559 Theophrastus
1869 478 1998 555 qui·

414 578 545 635 dem
601 579 822 652 scribit,
868 580 1175 638 Cimonem
1223 576 1472 636 Athenis
1526 578 1698 634 etiam
1748 578 1807 634 in
1854 595 1994 635 suos

414 677 661 734 curiales
705 675 993 734 Laciadas
1039 675 1381 751 hospitalem
1436 674 1645 731 fuisse:
1709 673 1790 731 ita
1835 672 1995 731 enim

352 777 386 826 5
415 771 750 842 instituisse,
780 783 837 830 et
865 772 1072 830 villicis
1114 772 1499 847 imperavisse,
1529 780 1593 828 ut
1620 770 1815 828 omnia
1853 790 1995 847 prae·

414 870 705 942 bei-entur,
748 869 1093 945 quicumque
1141 868 1426 926 Laciades
1480 868 1539 924 in
1593 867 1787 925 villam
1827 886 1992 925 suam

415 966 767 1024 devertisset.
1004 973 1008 978 '

391 1181 397 1190 ·
492 1158 664 1217 xlx.
703 1160 859 1221 Quae
890 1169 1079 1217 autem
1108 1158 1303 1235 opera,
1326 1176 1443 1216 non
1471 1155 1798 1235 largitione,
1822 1157 1994 1214 bene-

414 1256 549 1313 ficia
574 1256 802 1327 dantur,
825 1256 949 1314 haec
977 1267 1101 1314 tum
1125 1256 1183 1314 in
1206 1256 1528 1316 universam
1558 1254 1991 1330 rempublicam,

323 1356 384 1406 10
413 1362 535 1409 tum
565 1353 623 1410 in
647 1352 903 1430 singulos
925 1353 1099 1421 civeS,
1123 1353 1515 1410 conseruntur.
1598 1350 1750 1409 Nam
1781 1351 1842 1408 in
1865 1350 1993 1428 jure

408 1465 639 1522 cavere,
664 1450 906 1507 consilio
927 1450 1148 1528 juvare,
1176 1459 1342 1525 atque
1371 1449 1479 1506 hoc
1501 1448 1759 1506 scientiae
1775 1455 1992 1525 'genere

412 1546 687 1622 prodesse
727 1540 898 1622 quam
937 1545 1219 1623 plurimis,
1248 1546 1615 1603 vehementer
1653 1555 1712 1602 et
1742 1543 1812 1601 ad
1853 1561 1992 1619 opes

416 1643 708 1719 augendas
748 1641 1016 1719 pertinet,
1046 1653 1105 1700 et
1150 1642 1221 1700 ad
1258 1642 1519 1719 gratiam.
1602 1637 1828 1716 Itaque,
1858 1659 1992 1697 cum

414 1740 595 1796 multa
634 1739 910 1815 praeclara
949 1740 1249 1817 majorum,
1280 1748 1402 1796 tum
1430 1738 1583 1813 quod
1613 1737 1828 1813 optime
1858 1755 1994 1795 con-

322 1848 384 1898 15
415 1836 599 1894 stituti
639 1836 789 1913 juris
821 1835 1006 1894 civilis
1044 1853 1268 1893 summo
1300 1853 1522 1911 semper
1552 1833 1610 1891 in
1641 1834 1857 1892 honore
1888 1834 1995 1891 fuit

414 1932 675 2009 cognitio
719 1942 887 2008 atque
924 1931 1319 2008 interpretatio
1349 1930 1546 2008 (quam
1576 1931 1829 2007 quidem,
1860 1940 1992 1988 ante

412 2027 565 2085 hanc
595 2028 992 2085 confusionem
1036 2038 1378 2104 temporum,
1408 2027 1470 2086 in
1497 2027 1859 2104 possessione
1887 2027 1990 2085 sua

411 2123 703 2201 principes
756 2124 1145 2205 retinuerunt)
1166 2144 1181 2194 ;
1249 2143 1427 2197 nunc,
1483 2133 1548 2181 ut
1604 2124 1874 2196 honores,
1928 2135 1992 2183 ut
2090 2151 2094 2158 ·
2189 2173 2190 2186 ,

410 2239 612 2280 omnes
639 2219 936 2297 dignitatis
957 2221 1189 2298 gradus,
1212 2220 1298 2278 sic
1326 2220 1496 2298 hujus
1525 2221 1781 2282 scientiae
1809 2221 1992 2298 splen-

318 2328 384 2378 20
413 2316 519 2374 dor
566 2317 956 2374 deletusffest:
1012 2317 1188 2393 idque
1236 2337 1308 2374 eo
1356 2317 1672 2394 indignius,
1721 2317 1871 2393 quod
1920 2336 1991 2375 eo

413 2424 667 2491 tempore
707 2414 821 2472 hoc
863 2414 1130 2492 contigit,
1173 2434 1304 2472 cum
1350 2414 1398 2471 is
1440 2425 1608 2485 esset,
1651 2413 1749 2489 qui
1792 2421 1991 2471 omnes

413 2510 753 2587 superioreS,
808 2512 1016 2587 quibus
1082 2511 1303 2569 honore
1366 2529 1468 2587 par
1523 2521 1692 2583 esset,
1749 2510 1992 2570 scientia

413 2606 584 2664 facile
623 2607 871 2665 vicisset.
955 2607 1105 2668 Haec
1145 2608 1321 2685 igitur
1361 2626 1536 2683 opera
1575 2619 1739 2685 grata
1778 2607 1989 2680 multis,

413 2714 473 2762 et
514 2703 585 2761 ad
627 2703 926 2776 beneficiis
964 2703 1412 2782 obstringendos
1459 2704 1723 2762 homines
1773 2724 2010 2763 accom·.

318 2813 382 2863 25
415 2801 660 2859 mndata.
726 2785 743 2796 ’

492 2898 690 2972 Atque
730 2891 868 2954 huic
911 2896 1018 2954 arti
1058 2896 1304 2955 finitima
1349 2906 1438 2955 est
1484 2895 1719 2954 dicendi
1772 2896 1993 2973 gravior

416 2993 678 3067 facultas,
733 3001 792 3051 et
846 2993 1083 3071 gratior,
1139 3003 1199 3051 et
1250 2993 1521 3052 ornatior.
1617 2990 1786 3055 Quid
1840 2992 1994 3057 enim
