<?xml version="1.0" encoding="UTF-8"?>
<!DOCTYPE html PUBLIC "-//W3C//DTD XHTML 1.0 Transitional//EN"
    "http://www.w3.org/TR/xhtml1/DTD/xhtml1-transitional.dtd">
<html xmlns="http://www.w3.org/1999/xhtml" xml:lang="en" lang="en">
 <head>
  <title>
</title>
<meta http-equiv="Content-Type" content="text/html;charset=utf-8" />
  <meta name='ocr-system' content='tesseract 3.04.00' />
  <meta name='ocr-capabilities' content='ocr_page ocr_carea ocr_par ocr_line ocrx_word'/>
</head>
<body>
  <div class='ocr_page' id='page_1' title='image "./mtciceronisdeof05cicegoog/mtciceronisdeof05cicegoog_0124.png"; bbox 0 0 2192 3517; ppageno 0'>
   <div class='ocr_carea' id='block_1_1' title="bbox 276 163 1962 238">
    <p class='ocr_par' dir='ltr' id='par_1_1' title="bbox 276 163 1962 238">
     <span class='ocr_line' id='line_1_1' title="bbox 276 163 1962 238; baseline -0.004 -10"><span class='ocrx_word' id='word_1_1' title='bbox 276 163 392 229; x_wconf 81' lang='lat'><em>&#39;118</em></span> <span class='ocrx_word' id='word_1_2' title='bbox 948 178 1037 228; x_wconf 74' lang='lat' dir='ltr'>nn</span> <span class='ocrx_word' id='word_1_3' title='bbox 1078 178 1373 226; x_wconf 75' lang='lat' dir='ltr'>omens.</span> <span class='ocrx_word' id='word_1_4' title='bbox 1791 177 1875 238; x_wconf 76' lang='lat' dir='ltr'>[L.</span> <span class='ocrx_word' id='word_1_5' title='bbox 1896 177 1962 223; x_wconf 74' lang='grc' dir='ltr'>ιι.</span> 
     </span>
    </p>
   </div>
   <div class='ocr_carea' id='block_1_2' title="bbox 204 327 1960 1176">
    <p class='ocr_par' dir='ltr' id='par_1_2' title="bbox 204 327 1960 1176">
     <span class='ocr_line' id='line_1_2' title="bbox 348 327 1956 408; baseline 0 -23"><span class='ocrx_word' id='word_1_6' title='bbox 348 346 500 394; x_wconf 71' lang='lat' dir='ltr'>cum</span> <span class='ocrx_word' id='word_1_7' title='bbox 549 328 627 385; x_wconf 87' lang='lat' dir='ltr'>de</span> <span class='ocrx_word' id='word_1_8' title='bbox 664 327 1036 406; x_wconf 74' lang='lat' dir='ltr'>philosophia</span> <span class='ocrx_word' id='word_1_9' title='bbox 1085 329 1434 408; x_wconf 71' lang='lat' dir='ltr'>scriberem)</span> <span class='ocrx_word' id='word_1_10' title='bbox 1479 345 1599 386; x_wconf 89' lang='lat' dir='ltr'>non</span> <span class='ocrx_word' id='word_1_11' title='bbox 1655 327 1956 399; x_wconf 79' lang='lat' dir='ltr'>auderem,</span> 
     </span>
     <span class='ocr_line' id='line_1_3' title="bbox 364 424 1960 503; baseline 0.001 -21"><span class='ocrx_word' id='word_1_12' title='bbox 364 424 479 483; x_wconf 85' lang='lat' dir='ltr'>nisi</span> <span class='ocrx_word' id='word_1_13' title='bbox 507 424 661 483; x_wconf 83' lang='lat' dir='ltr'>idem</span> <span class='ocrx_word' id='word_1_14' title='bbox 687 425 946 501; x_wconf 79' lang='lat' dir='ltr'>placeret</span> <span class='ocrx_word' id='word_1_15' title='bbox 987 425 1327 503; x_wconf 81' lang='lat' dir='ltr'>gravissimo</span> <span class='ocrx_word' id='word_1_16' title='bbox 1371 426 1725 497; x_wconf 71' lang='lat' dir='ltr'>Stoicorum,</span> <span class='ocrx_word' id='word_1_17' title='bbox 1754 424 1960 484; x_wconf 78' lang='lat' dir='ltr'>Panae-</span> 
     </span>
     <span class='ocr_line' id='line_1_4' title="bbox 366 521 1959 601; baseline 0.002 -23"><span class='ocrx_word' id='word_1_18' title='bbox 366 521 468 579; x_wconf 77' lang='lat' dir='ltr'>tio·</span> <span class='ocrx_word' id='word_1_19' title='bbox 567 521 829 580; x_wconf 81' lang='lat' dir='ltr'>Maxime</span> <span class='ocrx_word' id='word_1_20' title='bbox 871 531 1071 582; x_wconf 74' lang='lat' dir='ltr'>autem</span> <span class='ocrx_word' id='word_1_21' title='bbox 1092 533 1151 584; x_wconf 78' lang='lat' dir='ltr'>et</span> <span class='ocrx_word' id='word_1_22' title='bbox 1178 522 1364 601; x_wconf 86' lang='lat' dir='ltr'>gloria</span> <span class='ocrx_word' id='word_1_23' title='bbox 1402 523 1621 600; x_wconf 90' lang='lat' dir='ltr'>paritur</span> <span class='ocrx_word' id='word_1_24' title='bbox 1665 532 1725 581; x_wconf 91' lang='lat' dir='ltr'>et</span> <span class='ocrx_word' id='word_1_25' title='bbox 1766 522 1959 599; x_wconf 83' lang='lat' dir='ltr'>gratia</span> 
     </span>
     <span class='ocr_line' id='line_1_5' title="bbox 365 616 1955 695; baseline 0 -21"><span class='ocrx_word' id='word_1_26' title='bbox 365 617 834 690; x_wconf 81' lang='lat' dir='ltr'>defensionibus3</span> <span class='ocrx_word' id='word_1_27' title='bbox 877 623 1083 695; x_wconf 65' lang='lat' dir='ltr'>eoq&#39;uu·</span> <span class='ocrx_word' id='word_1_28' title='bbox 1106 619 1306 695; x_wconf 82' lang='lat' dir='ltr'>major,</span> <span class='ocrx_word' id='word_1_29' title='bbox 1343 619 1392 677; x_wconf 86' lang='lat' dir='ltr'>si</span> <span class='ocrx_word' id='word_1_30' title='bbox 1437 619 1671 694; x_wconf 89' lang='lat' dir='ltr'>quando</span> <span class='ocrx_word' id='word_1_31' title='bbox 1715 616 1955 689; x_wconf 86' lang='lat' dir='ltr'>accidit,</span> 
     </span>
     <span class='ocr_line' id='line_1_6' title="bbox 204 703 1958 793; baseline 0.002 -23"><span class='ocrx_word' id='word_1_32' title='bbox 204 739 212 758; x_wconf 83' lang='lat'>·</span> <span class='ocrx_word' id='word_1_33' title='bbox 303 723 336 770; x_wconf 83' lang='lat'><strong>5</strong></span> <span class='ocrx_word' id='word_1_34' title='bbox 366 726 431 772; x_wconf 89' lang='lat' dir='ltr'>ut</span> <span class='ocrx_word' id='word_1_35' title='bbox 473 715 530 773; x_wconf 92' lang='lat' dir='ltr'>ei</span> <span class='ocrx_word' id='word_1_36' title='bbox 574 715 962 787; x_wconf 70' lang='lat' dir='ltr'><strong>subveniatur,</strong></span> <span class='ocrx_word' id='word_1_37' title='bbox 1007 703 1109 791; x_wconf 80' lang='lat' dir='ltr'>qui</span> <span class='ocrx_word' id='word_1_38' title='bbox 1153 716 1406 792; x_wconf 86' lang='lat' dir='ltr'>potentis</span> <span class='ocrx_word' id='word_1_39' title='bbox 1454 715 1700 793; x_wconf 89' lang='lat' dir='ltr'>alicujus</span> <span class='ocrx_word' id='word_1_40' title='bbox 1744 714 1958 793; x_wconf 77' lang='lat' dir='ltr'>opibus</span> 
     </span>
     <span class='ocr_line' id='line_1_7' title="bbox 366 811 1957 889; baseline 0.001 -20"><span class='ocrx_word' id='word_1_41' title='bbox 366 811 774 869; x_wconf 84' lang='lat' dir='ltr'>circumveniri</span> <span class='ocrx_word' id='word_1_42' title='bbox 816 811 1124 888; x_wconf 69' lang='lat' dir='ltr'>urgerique</span> <span class='ocrx_word' id='word_1_43' title='bbox 1151 812 1446 870; x_wconf 85' lang='lat' dir='ltr'>videatur:</span> <span class='ocrx_word' id='word_1_44' title='bbox 1489 822 1553 870; x_wconf 88' lang='lat' dir='ltr'>ut</span> <span class='ocrx_word' id='word_1_45' title='bbox 1581 830 1689 870; x_wconf 85' lang='lat' dir='ltr'>nos</span> <span class='ocrx_word' id='word_1_46' title='bbox 1714 821 1773 870; x_wconf 85' lang='lat' dir='ltr'>et</span> <span class='ocrx_word' id='word_1_47' title='bbox 1799 830 1957 889; x_wconf 80' lang='lat' dir='ltr'>saepe</span> 
     </span>
     <span class='ocr_line' id='line_1_8' title="bbox 368 907 1960 981; baseline 0 -15"><span class='ocrx_word' id='word_1_48' title='bbox 368 908 529 980; x_wconf 74' lang='lat' dir='ltr'>aliae,</span> <span class='ocrx_word' id='word_1_49' title='bbox 559 907 1062 981; x_wconf 81' lang='lat' dir='ltr'>etadolescentes,</span> <span class='ocrx_word' id='word_1_50' title='bbox 1090 919 1318 970; x_wconf 63' lang='lat' dir='ltr'>contra</span> <span class='ocrx_word' id='word_1_51' title='bbox 1341 907 1407 968; x_wconf 87' lang='lat' dir='ltr'>L.</span> <span class='ocrx_word' id='word_1_52' title='bbox 1437 909 1613 968; x_wconf 81' lang='lat' dir='ltr'>Sunae</span> <span class='ocrx_word' id='word_1_53' title='bbox 1652 908 1960 967; x_wconf 84' lang='lat' dir='ltr'>dominan-</span> 
     </span>
     <span class='ocr_line' id='line_1_9' title="bbox 367 1001 1954 1082; baseline 0.001 -20"><span class='ocrx_word' id='word_1_54' title='bbox 367 1005 442 1062; x_wconf 86' lang='lat' dir='ltr'>tis</span> <span class='ocrx_word' id='word_1_55' title='bbox 469 1023 628 1081; x_wconf 80' lang='lat' dir='ltr'>opes,</span> <span class='ocrx_word' id='word_1_56' title='bbox 655 1022 761 1080; x_wconf 86' lang='lat' dir='ltr'>pro</span> <span class='ocrx_word' id='word_1_57' title='bbox 805 1001 865 1063; x_wconf 86' lang='lat' dir='ltr'>S.</span> <span class='ocrx_word' id='word_1_58' title='bbox 895 1004 1118 1064; x_wconf 84' lang='lat' dir='ltr'>Roscio</span> <span class='ocrx_word' id='word_1_59' title='bbox 1158 1005 1441 1066; x_wconf 80' lang='lat' dir='ltr'>Amerino</span> <span class='ocrx_word' id='word_1_60' title='bbox 1483 1005 1759 1064; x_wconf 84' lang='lat' dir='ltr'>fecimus:</span> <span class='ocrx_word' id='word_1_61' title='bbox 1800 1017 1954 1082; x_wconf 55' lang='lat' dir='ltr'>quae,</span> 
     </span>
     <span class='ocr_line' id='line_1_10' title="bbox 368 1101 1299 1176; baseline 0.001 -17"><span class='ocrx_word' id='word_1_62' title='bbox 368 1111 433 1159; x_wconf 89' lang='lat' dir='ltr'>ut</span> <span class='ocrx_word' id='word_1_63' title='bbox 460 1102 596 1174; x_wconf 85' lang='lat' dir='ltr'>scis,</span> <span class='ocrx_word' id='word_1_64' title='bbox 611 1110 810 1176; x_wconf 70' lang='lat' dir='ltr'>⁸exstat.</span> <span class='ocrx_word' id='word_1_65' title='bbox 834 1101 1036 1161; x_wconf 89' lang='lat' dir='ltr'>oratio.</span> <span class='ocrx_word' id='word_1_66' title='bbox 1295 1104 1299 1110; x_wconf 84' lang='grc'><strong><em>’</em></strong></span> 
     </span>
    </p>
   </div>
   <div class='ocr_carea' id='block_1_3' title="bbox 258 1293 1952 3021">
    <p class='ocr_par' dir='ltr' id='par_1_3' title="bbox 277 1293 1952 1665">
     <span class='ocr_line' id='line_1_11' title="bbox 277 1293 1952 1374; baseline 0.001 -19"><span class='ocrx_word' id='word_1_67' title='bbox 277 1306 338 1358; x_wconf 87' lang='grc'>10</span> <span class='ocrx_word' id='word_1_68' title='bbox 436 1293 579 1353; x_wconf 89' lang='lat' dir='ltr'>XV.</span> <span class='ocrx_word' id='word_1_69' title='bbox 625 1296 765 1370; x_wconf 85' lang='lat' dir='ltr'>Sed,</span> <span class='ocrx_word' id='word_1_70' title='bbox 792 1297 1066 1374; x_wconf 79' lang='lat' dir='ltr'>expositis</span> <span class='ocrx_word' id='word_1_71' title='bbox 1109 1296 1560 1355; x_wconf 80' lang='lat' dir='ltr'>adolescentium</span> <span class='ocrx_word' id='word_1_72' title='bbox 1589 1296 1796 1354; x_wconf 88' lang='lat' dir='ltr'>officiis</span> <span class='ocrx_word' id='word_1_73' title='bbox 1822 1315 1952 1373; x_wconf 81' lang='lat' dir='ltr'>quae</span> 
     </span>
     <span class='ocr_line' id='line_1_12' title="bbox 367 1391 1951 1472; baseline 0.001 -23"><span class='ocrx_word' id='word_1_74' title='bbox 367 1391 595 1450; x_wconf 85' lang='lat' dir='ltr'>valeant</span> <span class='ocrx_word' id='word_1_75' title='bbox 643 1393 716 1452; x_wconf 88' lang='lat' dir='ltr'>ad</span> <span class='ocrx_word' id='word_1_76' title='bbox 764 1394 1008 1472; x_wconf 85' lang='lat' dir='ltr'>gloriam</span> <span class='ocrx_word' id='word_1_77' title='bbox 1056 1394 1509 1471; x_wconf 72' lang='lat' dir='ltr'>adipiscendam,</span> <span class='ocrx_word' id='word_1_78' title='bbox 1551 1393 1829 1470; x_wconf 86' lang='lat' dir='ltr'>deinceps</span> <span class='ocrx_word' id='word_1_79' title='bbox 1874 1394 1951 1451; x_wconf 86' lang='lat' dir='ltr'>de</span> 
     </span>
     <span class='ocr_line' id='line_1_13' title="bbox 367 1489 1952 1568; baseline 0.001 -22"><span class='ocrx_word' id='word_1_80' title='bbox 367 1489 756 1550; x_wconf 64' lang='lat' dir='ltr'>beneficentia</span> <span class='ocrx_word' id='word_1_81' title='bbox 802 1507 872 1554; x_wconf 88' lang='lat' dir='ltr'>ac</span> <span class='ocrx_word' id='word_1_82' title='bbox 908 1491 1250 1551; x_wconf 74' lang='lat' dir='ltr'>liberalitate</span> <span class='ocrx_word' id='word_1_83' title='bbox 1278 1490 1592 1549; x_wconf 86' lang='lat' dir='ltr'>dicendum</span> <span class='ocrx_word' id='word_1_84' title='bbox 1619 1501 1739 1561; x_wconf 87' lang='lat' dir='ltr'>est;</span> <span class='ocrx_word' id='word_1_85' title='bbox 1782 1491 1952 1568; x_wconf 86' lang='lat' dir='ltr'>cujus</span> 
     </span>
     <span class='ocr_line' id='line_1_14' title="bbox 366 1585 1951 1665; baseline -0.002 -17"><span class='ocrx_word' id='word_1_86' title='bbox 366 1596 457 1648; x_wconf 80' lang='lat' dir='ltr'>est</span> <span class='ocrx_word' id='word_1_87' title='bbox 509 1587 657 1645; x_wconf 86' lang='lat' dir='ltr'>ratio</span> <span class='ocrx_word' id='word_1_88' title='bbox 711 1589 955 1665; x_wconf 85' lang='lat' dir='ltr'>duplex:</span> <span class='ocrx_word' id='word_1_89' title='bbox 1022 1608 1157 1647; x_wconf 87' lang='lat' dir='ltr'>nam</span> <span class='ocrx_word' id='word_1_90' title='bbox 1214 1598 1313 1646; x_wconf 91' lang='lat' dir='ltr'>aut</span> <span class='ocrx_word' id='word_1_91' title='bbox 1361 1585 1544 1663; x_wconf 51' lang='lat' dir='ltr'>oper&amp;</span> <span class='ocrx_word' id='word_1_92' title='bbox 1588 1587 1840 1664; x_wconf 86' lang='lat' dir='ltr'>benigne</span> <span class='ocrx_word' id='word_1_93' title='bbox 1886 1587 1951 1645; x_wconf 83' lang='lat' dir='ltr'>fit</span> 
     </span>
    </p>

    <p class='ocr_par' dir='ltr' id='par_1_4' title="bbox 328 1683 1948 1763">
     <span class='ocr_line' id='line_1_15' title="bbox 328 1683 1948 1763; baseline 0.001 -22"><span class='ocrx_word' id='word_1_94' title='bbox 328 1689 331 1694; x_wconf 75' lang='lat'><em>&#39;</em></span> <span class='ocrx_word' id='word_1_95' title='bbox 367 1683 784 1761; x_wconf 84' lang='lat' dir='ltr'>indigentibus,</span> <span class='ocrx_word' id='word_1_96' title='bbox 842 1693 946 1744; x_wconf 84' lang='lat' dir='ltr'>aut-</span> <span class='ocrx_word' id='word_1_97' title='bbox 994 1685 1286 1763; x_wconf 64' lang='lat' dir='ltr'>pecunia..</span> <span class='ocrx_word' id='word_1_98' title='bbox 1373 1684 1629 1743; x_wconf 77' lang='lat' dir='ltr'>Facilior</span> <span class='ocrx_word' id='word_1_99' title='bbox 1682 1693 1770 1742; x_wconf 91' lang='lat' dir='ltr'>est</span> <span class='ocrx_word' id='word_1_100' title='bbox 1822 1685 1948 1743; x_wconf 77' lang='lat' dir='ltr'>haec</span> 
     </span>
    </p>

    <p class='ocr_par' dir='ltr' id='par_1_5' title="bbox 277 1769 1951 2053">
     <span class='ocr_line' id='line_1_16' title="bbox 277 1769 1951 1859; baseline -0.001 -20"><span class='ocrx_word' id='word_1_101' title='bbox 277 1781 339 1829; x_wconf 86' lang='lat'>15</span> <span class='ocrx_word' id='word_1_102' title='bbox 365 1781 671 1857; x_wconf 81' lang='lat' dir='ltr'>posterior,</span> <span class='ocrx_word' id='word_1_103' title='bbox 714 1781 988 1859; x_wconf 81' lang='lat' dir='ltr'>locupleti</span> <span class='ocrx_word' id='word_1_104' title='bbox 1027 1769 1379 1859; x_wconf 75' lang='lat' dir='ltr'>praesertim:</span> <span class='ocrx_word' id='word_1_105' title='bbox 1437 1781 1539 1838; x_wconf 90' lang='lat' dir='ltr'>sed</span> <span class='ocrx_word' id='word_1_106' title='bbox 1591 1779 1693 1840; x_wconf 92' lang='lat' dir='ltr'>illa</span> <span class='ocrx_word' id='word_1_107' title='bbox 1741 1781 1951 1839; x_wconf 84' lang='lat' dir='ltr'>lautior</span> 
     </span>
     <span class='ocr_line' id='line_1_17' title="bbox 372 1864 1948 1955; baseline 0 -19"><span class='ocrx_word' id='word_1_108' title='bbox 372 1897 445 1936; x_wconf 91' lang='lat' dir='ltr'>ac</span> <span class='ocrx_word' id='word_1_109' title='bbox 494 1879 870 1954; x_wconf 77' lang='lat' dir='ltr'>splendidior,</span> <span class='ocrx_word' id='word_1_110' title='bbox 919 1889 981 1937; x_wconf 87' lang='lat' dir='ltr'>et</span> <span class='ocrx_word' id='word_1_111' title='bbox 1026 1864 1149 1938; x_wconf 75' lang='lat' dir='ltr'>viro</span> <span class='ocrx_word' id='word_1_112' title='bbox 1200 1878 1333 1937; x_wconf 82' lang='lat' dir='ltr'>forti</span> <span class='ocrx_word' id='word_1_113' title='bbox 1387 1878 1659 1953; x_wconf 73' lang='lat' dir='ltr'>claroque</span> <span class='ocrx_word' id='word_1_114' title='bbox 1700 1878 1948 1955; x_wconf 84' lang='lat' dir='ltr'>dignior.</span> 
     </span>
     <span class='ocr_line' id='line_1_18' title="bbox 367 1965 1949 2053; baseline -0.003 -16"><span class='ocrx_word' id='word_1_115' title='bbox 367 1974 722 2051; x_wconf 76' lang='lat' dir='ltr'>Quanquam</span> <span class='ocrx_word' id='word_1_116' title='bbox 769 1965 924 2035; x_wconf 76' lang='lat' dir='ltr'>enim</span> <span class='ocrx_word' id='word_1_117' title='bbox 972 1976 1033 2033; x_wconf 80' lang='lat' dir='ltr'>in</span> <span class='ocrx_word' id='word_1_118' title='bbox 1085 1985 1332 2051; x_wconf 89' lang='lat' dir='ltr'>utroque</span> <span class='ocrx_word' id='word_1_119' title='bbox 1385 1975 1535 2033; x_wconf 83' lang='lat' dir='ltr'>inest</span> <span class='ocrx_word' id='word_1_120' title='bbox 1587 1973 1949 2053; x_wconf 85' lang='lat' dir='ltr'>gratificandi</span> 
     </span>
    </p>

    <p class='ocr_par' dir='ltr' id='par_1_6' title="bbox 258 2065 1951 2246">
     <span class='ocr_line' id='line_1_19' title="bbox 258 2065 1951 2144; baseline 0.001 -16"><span class='ocrx_word' id='word_1_121' title='bbox 258 2065 263 2070; x_wconf 64' lang='grc'><strong>’</strong></span> <span class='ocrx_word' id='word_1_122' title='bbox 368 2070 624 2130; x_wconf 85' lang='lat' dir='ltr'>liberalis</span> <span class='ocrx_word' id='word_1_123' title='bbox 650 2072 928 2143; x_wconf 85' lang='lat' dir='ltr'>voluntas,</span> <span class='ocrx_word' id='word_1_124' title='bbox 954 2082 1152 2129; x_wconf 80' lang='lat' dir='ltr'>tamen</span> <span class='ocrx_word' id='word_1_125' title='bbox 1182 2072 1363 2130; x_wconf 88' lang='lat' dir='ltr'>altera</span> <span class='ocrx_word' id='word_1_126' title='bbox 1386 2091 1459 2130; x_wconf 83' lang='lat' dir='ltr'>ex</span> <span class='ocrx_word' id='word_1_127' title='bbox 1486 2072 1642 2144; x_wconf 65' lang='lat' dir='ltr'>arca,</span> <span class='ocrx_word' id='word_1_128' title='bbox 1671 2072 1852 2130; x_wconf 80' lang='lat' dir='ltr'>‘altera</span> <span class='ocrx_word' id='word_1_129' title='bbox 1875 2091 1951 2130; x_wconf 79' lang='lat' dir='ltr'>ex</span> 
     </span>
     <span class='ocr_line' id='line_1_20' title="bbox 368 2167 1951 2246; baseline 0.001 -21"><span class='ocrx_word' id='word_1_130' title='bbox 368 2167 597 2240; x_wconf 80' lang='lat' dir='ltr'>virtute,</span> <span class='ocrx_word' id='word_1_131' title='bbox 642 2168 1030 2245; x_wconf 67' lang='lat' dir='ltr'>depromitur:</span> <span class='ocrx_word' id='word_1_132' title='bbox 1089 2168 1466 2246; x_wconf 79' lang='lat' dir='ltr'>largitioque,</span> <span class='ocrx_word' id='word_1_133' title='bbox 1500 2187 1627 2245; x_wconf 78' lang='lat' dir='ltr'>quae</span> <span class='ocrx_word' id='word_1_134' title='bbox 1668 2168 1731 2226; x_wconf 89' lang='lat' dir='ltr'>fit</span> <span class='ocrx_word' id='word_1_135' title='bbox 1773 2175 1847 2226; x_wconf 82' lang='lat' dir='ltr'>ex</span> <span class='ocrx_word' id='word_1_136' title='bbox 1886 2187 1951 2227; x_wconf 89' lang='lat' dir='ltr'>re</span> 
     </span>
    </p>

    <p class='ocr_par' dir='ltr' id='par_1_7' title="bbox 275 2264 1947 2537">
     <span class='ocr_line' id='line_1_21' title="bbox 275 2264 1947 2344; baseline 0.002 -24"><span class='ocrx_word' id='word_1_137' title='bbox 275 2271 340 2319; x_wconf 77' lang='lat'>20</span> <span class='ocrx_word' id='word_1_138' title='bbox 371 2264 657 2344; x_wconf 75' lang='lat' dir='ltr'>familiari,</span> <span class='ocrx_word' id='word_1_139' title='bbox 707 2266 928 2324; x_wconf 82' lang='lat' dir='ltr'>fontem</span> <span class='ocrx_word' id='word_1_140' title='bbox 954 2265 1178 2342; x_wconf 71' lang='lat' dir='ltr'>·ipsum</span> <span class='ocrx_word' id='word_1_141' title='bbox 1240 2265 1616 2343; x_wconf 82' lang='lat' dir='ltr'>benignitatis</span> <span class='ocrx_word' id='word_1_142' title='bbox 1667 2266 1947 2324; x_wconf 84' lang='lat' dir='ltr'>exhaurit.</span> 
     </span>
     <span class='ocr_line' id='line_1_22' title="bbox 368 2355 1947 2440; baseline 0.001 -21"><span class='ocrx_word' id='word_1_143' title='bbox 368 2360 463 2420; x_wconf 87' lang='lat' dir='ltr'>Ita</span> <span class='ocrx_word' id='word_1_144' title='bbox 503 2362 859 2440; x_wconf 81' lang='lat' dir='ltr'>benignitate</span> <span class='ocrx_word' id='word_1_145' title='bbox 902 2355 1233 2440; x_wconf 80' lang='lat' dir='ltr'>benignitas</span> <span class='ocrx_word' id='word_1_146' title='bbox 1272 2363 1526 2433; x_wconf 81' lang='lat' dir='ltr'>tollitur;</span> <span class='ocrx_word' id='word_1_147' title='bbox 1568 2363 1681 2439; x_wconf 68' lang='lat' dir='ltr'>qua</span> <span class='ocrx_word' id='word_1_148' title='bbox 1725 2381 1840 2438; x_wconf 89' lang='lat' dir='ltr'>quo</span> <span class='ocrx_word' id='word_1_149' title='bbox 1888 2362 1947 2421; x_wconf 90' lang='lat' dir='ltr'>in</span> 
     </span>
     <span class='ocr_line' id='line_1_23' title="bbox 367 2459 1836 2537; baseline -0.001 -19"><span class='ocrx_word' id='word_1_150' title='bbox 367 2459 557 2537; x_wconf 88' lang='lat' dir='ltr'>plures</span> <span class='ocrx_word' id='word_1_151' title='bbox 585 2479 723 2518; x_wconf 86' lang='lat' dir='ltr'>usus</span> <span class='ocrx_word' id='word_1_152' title='bbox 749 2459 848 2533; x_wconf 88' lang='lat' dir='ltr'>sis,</span> <span class='ocrx_word' id='word_1_153' title='bbox 878 2478 951 2518; x_wconf 90' lang='lat' dir='ltr'>eo</span> <span class='ocrx_word' id='word_1_154' title='bbox 977 2460 1170 2518; x_wconf 89' lang='lat' dir='ltr'>minus</span> <span class='ocrx_word' id='word_1_155' title='bbox 1199 2460 1259 2518; x_wconf 89' lang='lat' dir='ltr'>in</span> <span class='ocrx_word' id='word_1_156' title='bbox 1290 2460 1499 2518; x_wconf 68' lang='lat' dir='ltr'>multos</span> <span class='ocrx_word' id='word_1_157' title='bbox 1526 2460 1610 2518; x_wconf 90' lang='lat' dir='ltr'>uti</span> <span class='ocrx_word' id='word_1_158' title='bbox 1638 2460 1836 2537; x_wconf 85' lang='lat' dir='ltr'>possis.</span> 
     </span>
    </p>

    <p class='ocr_par' dir='ltr' id='par_1_8' title="bbox 369 2556 1951 2731">
     <span class='ocr_line' id='line_1_24' title="bbox 447 2556 1946 2633; baseline 0.001 -19"><span class='ocrx_word' id='word_1_159' title='bbox 447 2557 532 2615; x_wconf 90' lang='lat' dir='ltr'>At</span> <span class='ocrx_word' id='word_1_160' title='bbox 578 2556 679 2632; x_wconf 86' lang='lat' dir='ltr'>qui</span> <span class='ocrx_word' id='word_1_161' title='bbox 740 2557 936 2633; x_wconf 62' lang='lat' dir='ltr'>opem,</span> <span class='ocrx_word' id='word_1_162' title='bbox 992 2557 1052 2615; x_wconf 91' lang='lat' dir='ltr'>id</span> <span class='ocrx_word' id='word_1_163' title='bbox 1108 2568 1215 2629; x_wconf 86' lang='lat' dir='ltr'>est,</span> <span class='ocrx_word' id='word_1_164' title='bbox 1270 2557 1480 2616; x_wconf 83' lang='lat' dir='ltr'>virtute</span> <span class='ocrx_word' id='word_1_165' title='bbox 1531 2566 1592 2614; x_wconf 91' lang='lat' dir='ltr'>et</span> <span class='ocrx_word' id='word_1_166' title='bbox 1644 2557 1946 2628; x_wconf 71' lang='lat' dir='ltr'>industria,</span> 
     </span>
     <span class='ocr_line' id='line_1_25' title="bbox 369 2653 1951 2731; baseline -0.001 -19"><span class='ocrx_word' id='word_1_167' title='bbox 369 2653 614 2712; x_wconf 87' lang='lat' dir='ltr'>benefici</span> <span class='ocrx_word' id='word_1_168' title='bbox 641 2663 701 2711; x_wconf 87' lang='lat' dir='ltr'>et</span> <span class='ocrx_word' id='word_1_169' title='bbox 726 2654 997 2713; x_wconf 70' lang='lat' dir='ltr'>liberales</span> <span class='ocrx_word' id='word_1_170' title='bbox 1022 2664 1208 2727; x_wconf 86' lang='lat' dir='ltr'>erunt,</span> <span class='ocrx_word' id='word_1_171' title='bbox 1236 2654 1504 2731; x_wconf 83' lang='lat' dir='ltr'>primum,</span> <span class='ocrx_word' id='word_1_172' title='bbox 1531 2671 1650 2729; x_wconf 77' lang='lat' dir='ltr'>quo</span> <span class='ocrx_word' id='word_1_173' title='bbox 1689 2654 1951 2730; x_wconf 85' lang='lat' dir='ltr'>pluribus</span> 
     </span>
    </p>

    <p class='ocr_par' dir='ltr' id='par_1_9' title="bbox 275 2750 1951 3021">
     <span class='ocr_line' id='line_1_26' title="bbox 275 2750 1946 2828; baseline 0.002 -24"><span class='ocrx_word' id='word_1_174' title='bbox 275 2756 339 2804; x_wconf 76' lang='lat'>:25</span> <span class='ocrx_word' id='word_1_175' title='bbox 367 2750 702 2827; x_wconf 81' lang='lat' dir='ltr'>profuerint,</span> <span class='ocrx_word' id='word_1_176' title='bbox 738 2770 835 2810; x_wconf 62' lang='lat' dir='ltr'>’eo</span> <span class='ocrx_word' id='word_1_177' title='bbox 899 2752 1094 2828; x_wconf 86' lang='lat' dir='ltr'>plures</span> <span class='ocrx_word' id='word_1_178' title='bbox 1164 2752 1234 2809; x_wconf 90' lang='lat' dir='ltr'>ad</span> <span class='ocrx_word' id='word_1_179' title='bbox 1302 2750 1553 2828; x_wconf 84' lang='lat' dir='ltr'>benigne</span> <span class='ocrx_word' id='word_1_180' title='bbox 1620 2750 1946 2809; x_wconf 82' lang='lat' dir='ltr'>faciendum</span> 
     </span>
     <span class='ocr_line' id='line_1_27' title="bbox 370 2843 1951 2925; baseline 0.001 -20"><span class='ocrx_word' id='word_1_181' title='bbox 370 2847 661 2925; x_wconf 86' lang='lat' dir='ltr'>adjutores</span> <span class='ocrx_word' id='word_1_182' title='bbox 697 2843 1025 2919; x_wconf 79' lang='lat' dir='ltr'>habebunt:</span> <span class='ocrx_word' id='word_1_183' title='bbox 1068 2847 1300 2920; x_wconf 89' lang='lat' dir='ltr'>deinde,</span> <span class='ocrx_word' id='word_1_184' title='bbox 1330 2847 1751 2905; x_wconf 77' lang='lat' dir='ltr'>consuetudine</span> <span class='ocrx_word' id='word_1_185' title='bbox 1781 2848 1951 2906; x_wconf 87' lang='lat' dir='ltr'>bene·</span> 
     </span>
     <span class='ocr_line' id='line_1_28' title="bbox 370 2944 1951 3021; baseline 0.001 -19"><span class='ocrx_word' id='word_1_186' title='bbox 370 2944 639 3018; x_wconf 79' lang='lat' dir='ltr'>ficentiae,</span> <span class='ocrx_word' id='word_1_187' title='bbox 664 2946 982 3021; x_wconf 79' lang='lat' dir='ltr'>paratiores</span> <span class='ocrx_word' id='word_1_188' title='bbox 1023 2955 1214 3017; x_wconf 85' lang='lat' dir='ltr'>erunt,</span> <span class='ocrx_word' id='word_1_189' title='bbox 1258 2955 1316 3003; x_wconf 85' lang='lat' dir='ltr'>et</span> <span class='ocrx_word' id='word_1_190' title='bbox 1357 2954 1630 3020; x_wconf 88' lang='lat' dir='ltr'>tanquam</span> <span class='ocrx_word' id='word_1_191' title='bbox 1674 2944 1951 3003; x_wconf 84' lang='lat' dir='ltr'>exercita·</span> 
     </span>
    </p>
   </div>
  </div>
 </body>
</html>
