2192 3517
322 192 455 278 ,172
999 201 1087 248 DE
1133 200 1424 270 cuncus.
1815 200 1896 260 [L.
1916 200 1996 248 111.

510 347 673 407 XVI.
720 349 813 406 Ac
840 348 913 406 de
935 348 1062 425 jure
1085 349 1317 424 quidem
1343 339 1687 425 praedioru’m
1715 349 2001 407 sancitum

431 456 519 503 est
567 446 717 520 apud
762 464 870 503 nos
911 446 1039 522 jure
1087 446 1261 517 civili,
1303 455 1387 517 ut,
1430 445 1491 502 in
1537 445 1628 502 his
1668 446 1999 518 vendendis,

431 541 569 608 vitia
635 541 985 613 dicerentur,
1046 560 1174 616 quae
1238 553 1378 600 nota
1441 551 1634 598 essent
1700 541 1999 600 venditori.

428 636 491 694 N
498 656 607 708 am,
637 657 770 698 cum
797 656 870 695 ex
895 636 1018 696 XII
1050 637 1261 698 tabulis
1288 636 1426 695 satis
1453 647 1604 694 esset
1629 656 1701 695 ea
1725 637 2000 714 praestari,

367 746 402 795 5
433 752 559 808 quae
587 744 779 792 essent
817 734 1016 811 lingua
1055 737 1408 810 nuncupata,
1435 752 1561 808 quae
1588 733 1686 809 qui
1715 733 2002 791 inficiatus

434 839 603 901 esset,
659 829 819 906 dupli
883 849 1112 906 poenam
1180 830 1429 900 subiret;
1502 848 1536 886 a
1594 830 2004 906 jureconsultis

433 926 951 1010 etiam'reticentiae
977 911 1149 1002 poena
1174 935 1262 984 est
1288 926 1617 984 constituta.
1698 925 2004 1002 Quidquid

432 1022 587 1096 eninm
653 1032 805 1080 esset
859 1021 919 1082 in
970 1023 1188 1098 praedio
1240 1021 1384 1095 vitii,
1441 1021 1499 1079 id
1557 1031 1901 1093 statuerunt,
1957 1023 2004 1079 si

432 1118 694 1177 venditor
747 1117 941 1191 sciret,
996 1119 1110 1176 nisi
1160 1119 1503 1177 nominatim
1557 1118 1777 1176 dictum
1832 1128 2002 1189 esset,

340 1221 402 1271 10
429 1215 686 1292 proestari
734 1225 1013 1291 oportere.
1095 1215 1196 1287 Ut,
1240 1234 1375 1272 cum
1416 1215 1478 1272 in
1523 1233 1656 1272 arce
1699 1214 2004 1291 augurium

435 1330 678 1389 augures
709 1311 892 1370 acturi
917 1321 1129 1384 essent,
1154 1312 1566 1388 jussissemque
1592 1312 1667 1370 T.
1692 1312 2003 1369 Claudium

431 1408 859 1481 Centumalum,
889 1408 986 1484 qui
1015 1408 1169 1467 aedes
1193 1408 1256 1466 -in
1283 1408 1465 1466 Caelio
1501 1416 1697 1469 monte
1734 1408 2012 1481 habebat,¹

430 1504 696 1562 demoliri
732 1523 823 1577 ea,
852 1523 1095 1581 quorum
1135 1504 1375 1564 altitudo
1410 1504 1667 1562 officeret
1696 1505 2002 1580 auspiciis3

431 1601 714 1669 Claudius
764 1601 1101 1679 proscripsit
1159 1595 1437 1659 insulam:
1504 1600 1794 1659 vendidit:
1865 1602 2007 1659 emit

340 1703 401 1753 15
431 1698 495 1757 P.
564 1698 914 1774 Calpurnius
981 1697 1296 1756 Lanarius:
1365 1696 1503 1755 huic
1562 1698 1635 1755 ab
1690 1699 2007 1775 auguribus

431 1794 574 1854 illud
615 1794 769 1851 idem
809 1793 1209 1852 denuntiatum
1237 1801 1340 1851 est.
1421 1791 1625 1868 Itaque
1652 1792 2008 1868 Calpurnius

432 1910 567 1950 cum
621 1891 928 1950 demolitus
979 1899 1151 1961 esset,
1201 1887 1641 1966 cognossetque,
1690 1888 2006 1950 Claudium

376 2019 387 2028 z
431 1987 584 2047 oedes
609 1997 815 2063 postea
833 1985 1257 2064 proscripsisse,
1284 2005 1454 2062 quam
1495 1994 1648 2043 esset
1676 1986 1748 2042 ab
1777 1988 2011 2063 auguri-

431 2085 538 2142 bus
603 2083 862 2141 demoliri
929 2082 1142 2157 jussus,
1212 2082 1502 2146 arbitrum¹
1560 2082 1720 2141 illum
1787 2083 2007 2159 adegit,

337 2187 400 2236 20
432 2178 766 2256 “quidquid
818 2178 928 2235 sibi
968 2175 1126 2250 dare,
1169 2177 1380 2250 facere,
1424 2189 1711 2253 oporteret
1764 2197 1837 2236 ex
1890 2179 2009 2237 fide

431 2277 653 2334 bonssss
724 2273 809 2331 M.
838 2274 987 2332 Cato
1028 2274 1371 2332 sententiam
1414 2274 1576 2346 dixit,
1611 2275 1779 2350 hujus
1819 2278 2009 2335 nostri

430 2371 670 2431 Catonis
688 2382 872 2447 pater:
905 2371 996 2447 (ut
1016 2371 1172 2428 enim
1190 2372 1382 2428 coeteri
1400 2390 1472 2428 ex
1486 2372 1758 2450 patribus,
1779 2372 1864 2429 sic
1883 2373 2006 2445 hic,

429 2469 526 2545 qui
566 2468 760 2525 lumen
803 2468 944 2526 illud
986 2467 1310 2544 progenuit,
1340 2488 1411 2525 ex
1437 2468 1556 2526 filio
1584 2480 1670 2526 est
1703 2461 2011 2528 nominan-

430 2565 587 2645 dus.)
671 2564 731 2621 Is
773 2564 946 2641 igitur
981 2564 1160 2639 judex
1199 2563 1280 2621 ita
1312 2563 1735 2639 pronuntiavit:
1779 2566 2008 2623 cumin

336 2671 401 2720 z
432 2660 830 2719 venumdando
874 2678 996 2717 rem
1043 2675 1169 2718 eam
1219 2660 1442 2731 scisset,
1484 2670 1543 2718 et
1589 2679 1705 2718 non
1754 2679 2012 2736 pronun·-

430 2758 650 2827 tiasset,
671 2755 919 2831 emptori
945 2755 1217 2813 damnum
1246 2756 1502 2830 praestari
1528 2766 1806 2832 oportere.
1890 2756 2013 2834 Igi-

431 2864 524 2912 tur
580 2852 651 2910 ad
705 2851 873 2909 fidem
932 2852 1142 2909 bonam
1197 2851 1396 2914 statuit
1443 2852 1753 2926 pertinere,
1800 2863 2008 2911 notum

429 2967 558 3007 esse
583 2947 824 3025 emptori
853 2947 1074 3018 vitium,
1102 2946 1253 3022 quod
1281 2945 1476 3005 nosset
1500 2946 1780 3006 venditor.
