2192 3517
257 176 370 240 136
385 141 401 252 ⁶„
483 213 494 224 ·
828 180 840 192 ³
920 191 1009 238 DE
1053 191 1345 280 oqpcns.
1545 128 1550 132 ἢ
1761 190 1841 251 [L.
1861 190 1926 242 11.

336 339 501 411 bant,
535 349 594 396 et
633 343 834 397 eorum
876 340 975 415 qui
1017 360 1122 398 sua
1162 341 1502 399 amiserant:
1544 339 1925 416 perfecitque,

344 436 694 494 aestimandis
732 437 1213 512 possessionibuS,
1256 448 1320 496 ut
1359 439 1731 515 persuaderet
1776 437 1924 508 asiis,

344 538 428 589 ut'
459 521 790 608 pecuniam‘
824 535 1089 609 accipere
1152 536 1407 607 mallent,
1462 534 1926 611 possessionibus

345 630 652 700 cederent;
699 631 844 703 aliis,
887 642 951 688 ut
993 631 1356 688 commodius
1395 640 1682 708 putarent,
1725 648 1928 687 nume-

282 732 316 780 5
344 727 459 784 rari
499 726 629 799 sibi,
672 728 825 802 quod
867 728 1011 785 tanti
1053 737 1224 799 esset,
1266 747 1437 803 quam
1480 714 1647 784 suum
1688 746 1927 802 recupe-

344 843 489 882 rare.
575 824 666 882 Ita
715 825 1034 901 perfectum
1088 835 1195 897 est,
1240 835 1303 882 ut
1346 843 1568 896 omneS,
1610 823 1926 884 eoncordia

345 922 682 994 constituta,
713 922 837 979 sine
865 921 1097 996 querela⁴
1126 922 1509 981 discederent.

422 1017 702 1075 ojvirum
744 1015 1037 1095 magnum,
1066 1018 1442 1096 dignumque,
1485 1018 1584 1093 qui
1626 1018 1687 1078 in
1728 1019 1927 1076 nostri

345 1115 643 1191 republica
685 1125 852 1172 natus
894 1116 1076 1174 esset!
1164 1115 1266 1173 Sic
1305 1135 1406 1193 par
1448 1125 1535 1172 est
1577 1133 1745 1193 agere
1790 1134 1926 1173 cum

255 1215 318 1266 10
347 1212 587 1283 civibus,
618 1230 735 1268 non
767 1210 859 1289 (ut
885 1211 973 1268 bis
1007 1212 1127 1288 jam
1154 1211 1431 1292 vidimus)
1461 1212 1682 1269 hastam
1711 1212 1771 1268 in
1800 1211 1926 1269 soro

343 1326 579 1385 ponere,
610 1318 668 1365 et
696 1309 849 1365 bona
889 1308 1102 1366 civium
1131 1308 1262 1366 voci
1303 1309 1590 1385 subjicere
1621 1308 1922 1384 praeconiS.

346 1404 429 1462 At
468 1405 566 1462 ille
604 1405 846 1462 Graecus
889 1403 996 1482 (id,
1026 1406 1182 1482 quod
1222 1406 1330 1463 fuit
1371 1405 1648 1482 sapientis
1688 1415 1746 1463 et
1784 1425 1927 1482 prae-

346 1501 550 1559 stantis
591 1501 725 1582 viri)
767 1502 1036 1561 omnibus
1076 1502 1498 1561 consulendum
1535 1502 1789 1579 putavit:
1832 1522 1927 1560 ea-

347 1617 459 1675 que
502 1608 600 1680 “est
652 1618 877 1657 summa
927 1597 1073 1657 ratio
1127 1610 1184 1657 et
1238 1599 1521 1675 sapientia
1566 1600 1704 1656 boni
1761 1599 1923 1671 civia,

258 1698 319 1747 15
349 1696 656 1755 commoda
708 1695 917 1754 civium
983 1715 1103 1778 non
1158 1696 1447 1768 divellere,
1504 1707 1670 1772 atque
1725 1715 1926 1754 omnes

349 1793 616 1869 aequitate
669 1793 874 1851 eadem
923 1793 1240 1851 continere.
1323 1793 1606 1851 Habitant
1645 1794 1823 1878 gifatis
1865 1794 1926 1851 in

351 1891 556 1949 alieno,
636 1889 801 1952 Quid
840 1891 960 1948 ita?
1039 1890 1138 1963 Ut,
1169 1910 1301 1948 cum
1329 1909 1440 1968 ego
1467 1891 1723 1963 emerim,
1754 1891 1929 1948 aedifi-

349 1987 550 2058 carim,
591 1997 777 2059 tuear,
822 1987 1171 2063 impendam,
1212 1997 1295 2059 tu,
1336 2007 1432 2044 me
1486 1987 1684 2058 invito,
1736 1988 1927 2045 fruare

349 2085 519 2141 meo?
598 2082 765 2145 Quid
817 2094 905 2139 est
961 2084 1136 2155 aliud,
1182 2083 1308 2142 aliis
1361 2104 1467 2141 sua
1512 2085 1751 2160 eripere,
1801 2084 1926 2142 aliis

257 2185 321 2235 20
350 2179 487 2237 dare
529 2180 754 2237 aliena?
837 2179 1082 2237 Tabulae
1124 2199 1261 2237 vero
1304 2200 1467 2238 novae
1519 2182 1657 2256 quid
1712 2182 1927 2239 habent

348 2277 692 2353 argumenti,
721 2276 855 2347 nisi,
885 2286 949 2334 ut
988 2267 1148 2334 emas
1187 2278 1316 2334 mea
1356 2279 1607 2354 pecunia
1649 2278 1923 2348 fundum3

347 2392 480 2432 eum
507 2383 571 2430 tu
600 2374 832 2445 habeaS,
863 2392 974 2451 ego
1002 2373 1121 2432 nori
1150 2374 1391 2432 habeam
1419 2375 1768 2450 pecuniam?

428 2566 654 2625 XXIV.
697 2566 1120 2636 Quamobrem,
1151 2587 1225 2625 ne
1251 2568 1325 2625 sit
1361 2587 1438 2625 aes
1481 2568 1727 2626 alienum
1771 2568 1927 2643 quod

349 2662 682 2738 reipublicae
723 2673 948 2735 noceat,
977 2663 1396 2739 providendum
1438 2674 1555 2733 est;
1598 2664 1751 2739 quod
1785 2664 1930 2721 mul-

259 2771 325 2822 25
349 2760 424 2818 tis
463 2759 782 2817 rationibus
838 2760 1028 2816 caveri
1081 2769 1301 2837 potest;
1357 2779 1496 2832 non,
1540 2760 1589 2817 si
1630 2760 1821 2832 fuerit,
1865 2774 1930 2818 ut

347 2856 664 2933 locupletes
730 2875 898 2913 suum
951 2858 1214 2931 perdant,
1271 2857 1562 2914 debitores
1627 2856 1929 2915 lucrentur

350 2953 637 3012 alienum:
695 2972 807 3011 nec
859 2954 1014 3012 enim
1057 2954 1174 3013 ulla
1212 2973 1303 3012 res
1345 2954 1743 3042 vebementius
1783 2972 1930 3011 rem-
