2192 3517
193 215 365 274 L.1L]
766 215 851 261 DE
890 216 1183 276 omens.
1787 199 1871 261 93

192 365 448 423 siderate
499 364 879 440 loquentium,
937 375 1108 440 atque
1162 365 1221 423 in
1274 365 1538 424 maximis
1601 365 1775 424 rebus

192 461 531 520 errantium.
627 461 693 519 Si
735 473 924 520 autem
965 471 1053 519 est
1095 462 1285 538 aliqua
1323 462 1629 538 disciplina
1664 462 1776 520 vir-

190 559 360 631 tutis,
408 559 510 616 ubi
562 576 635 616 ea
684 569 988 634 quaeretur,
1038 578 1174 616 cum
1231 560 1302 616 ab
1349 558 1463 616 hoc
1509 559 1773 617 discendi

191 674 412 733 genere
454 655 823 714 discesseris?
905 656 1024 713 Sed
1065 655 1211 728 haec,
1241 675 1374 713 cum
1418 656 1488 713 ad
1529 657 1776 732 philoso-

190 753 392 829 phiam
435 752 820 825 cohortamur,
858 753 1193 838 ,accuratius
1234 752 1512 829 disputari
1553 753 1770 811 solent:
1801 762 1834 811 5

193 850 354 924 quod
397 849 509 906 alio
547 850 794 926 quodam
847 850 995 907 libro
1046 847 1307 908 fecimus·
1390 849 1526 906 Hoc
1583 860 1774 906 autem

192 956 456 1022 tempore
509 956 731 1005 tantum
785 947 955 1004 nobis
1009 946 1417 1005 declarandum
1469 946 1602 1017 fuit,
1648 965 1773 1018 cur,
1821 1022 1826 1026 ἢ

191 1042 382 1100 orbati
422 1042 753 1118 reipublicae
805 1043 1160 1115 muneribuS,
1204 1043 1275 1100 ad
1329 1044 1443 1102 hoc
1497 1059 1604 1100 nos
1657 1052 1775 1099 stu-

196 1138 357 1197 dium
385 1139 746 1215 potissimum
775 1139 1235 1197 contulissemus·

274 1234 620 1292 Occurritur
675 1243 863 1293 autem
913 1235 1100 1306 nobi3‚
1141 1245 1200 1292 et
1242 1234 1474 1311 quidem
1515 1255 1550 1294 a
1588 1235 1774 1294 doctis
1804 1239 1866 1290 10

195 1341 256 1389 et
297 1331 558 1403 eruditiS,
601 1331 1008 1407 querentibus,
1050 1332 1266 1390 satisne
1304 1343 1645 1391 constanter
1679 1334 1775 1392 sa-

197 1446 335 1486 cere
386 1428 699 1501 videamur,
752 1428 875 1504 qui,
928 1447 1061 1485 cum
1128 1428 1349 1506 percipi
1410 1430 1553 1487 nihil
1606 1450 1775 1506 posse

197 1525 480 1597 dicamus,
509 1535 703 1606 tamen
731 1535 791 1583 et
819 1525 944 1584 aliis
971 1526 1043 1582 de
1069 1527 1244 1583 rebus
1276 1526 1555 1584 disserere
1595 1528 1776 1585 solea-

196 1640 347 1693 muS,
376 1632 434 1679 et
464 1624 574 1680 hoc
603 1622 727 1698 ipso
753 1631 1009 1698 tempore
1043 1633 1334 1699 prae'cepta
1370 1622 1546 1680 officii
1583 1629 1797 1699 perse·'

194 1725 456 1795 quam'ur.
562 1717 800 1782 Quibus
853 1718 1057 1777 vellem
1111 1719 1250 1776 satis
1317 1719 1555 1796 cognita
1624 1729 1775 1778 esset
1806 1722 1867 1771 15

194 1826 398 1873 nostra
436 1815 754 1878 sententia:
809 1833 929 1873 non
983 1816 1138 1873 enirn
1188 1834 1386 1873 sumus
1427 1816 1489 1888 ii,
1531 1835 1775 1891 quorum

194 1925 435 1989 vagetur
504 1913 728 1972 animus
781 1931 994 1984 errore,
1048 1931 1164 1970 nec
1228 1912 1438 1971 habeat
1504 1931 1776 1988 unquam,

193 2010 348 2087 quod
390 2020 677 2086 sequatur.
756 2009 912 2073 Quae
952 2011 1108 2068 enim
1147 2019 1299 2087 esset
1339 2010 1450 2068 ista
1475 2027 1657 2082 mene,
1685 2011 1775 2068 vel

194 2126 327 2183 quae
356 2107 474 2165 vita
497 2107 707 2183 potius,
733 2126 851 2165 non
890 2108 1065 2165 modo
1091 2107 1442 2184 disputandi,
1473 2107 1574 2165 sed
1600 2107 1774 2165 etiam

195 2204 447 2275 vivendi,
475 2203 697 2262 ratione
723 2204 990 2262 sublati?
1070 2204 1202 2262 Nos
1230 2197 1440 2276 autem,
1470 2213 1533 2268 ut
1560 2205 1773 2275 caeteri,
1804 2208 1869 2259 20

197 2299 315 2358 alia
353 2310 533 2371 certa,
578 2300 691 2358 alia
729 2301 953 2359 incerta
990 2309 1120 2359 esse
1157 2301 1393 2371 dicunt;
1436 2301 1541 2372 sic,
1574 2301 1644 2359 ab
1686 2301 1776 2359 his

196 2395 626 2468 dissentientes,
670 2397 783 2456 alia
832 2397 1172 2473 probabilia,
1226 2408 1446 2469 contra,
1496 2398 1607 2455 alia
1659 2418 1774 2455 non
1817 2397 1824 2402 ’

194 2492 535 2569 probabilia,
562 2511 689 2550 esse
716 2493 979 2552 dicimus,
1060 2493 1228 2555 Quid
1269 2504 1356 2551 est
1397 2493 1589 2570 igitur,
1619 2494 1773 2570 quod

192 2606 293 2647 me
320 2587 614 2665 impediat,
644 2609 733 2662 ea,
762 2609 887 2664 quae
929 2590 1087 2648 mihi·
1110 2590 1426 2666 probabilia
1454 2590 1772 2662 videantur,

191 2685 394 2760 sequi3
440 2705 565 2761 quae
604 2697 827 2758 contra,
865 2686 1218 2762 improbare3
1264 2697 1452 2762 atque,
1497 2688 1775 2745 affirmari·
1802 2694 1868 2745 25

191 2782 259 2840 di
314 2782 697 2860 arrogantiam
759 2784 1051 2856 vitantem,
1109 2784 1308 2860 fugere
1373 2784 1771 2853 temeritatem,

192 2898 329 2956 que
380 2899 418 2938 a
467 2879 746 2957 sapientia
800 2880 1039 2948 dissidet
1094 2880 1446 2957 plurimum'l
1553 2879 1775 2937 Contra

195 2984 393 3037 autem
446 2975 644 3036 omnia
670 2969 1012 3054 disputatur
1066 2995 1102 3034 a
1154 2977 1365 3035 nostris
1381 2996 1397 3048 ;
1453 2975 1607 3049 quod
1659 2972 1772 3034 hoc
