2192 3517
185 218 238 262 L.
261 218 323 278 L]
770 219 857 266 ns
901 219 1193 266 omens.
1778 206 1853 264 51

178 366 540 424 adversarios
566 367 977 438 existimemus,
1005 367 1104 444 qui
1134 375 1291 425 'arma
1318 379 1519 426 contra
1543 366 1763 437 ferant;

176 482 298 522 non
316 483 437 534 eoS,
454 464 555 539 qui
582 483 689 521 suo
703 463 928 540 judicio
947 462 1097 524 tueri
1117 464 1530 539 rempublicam
1552 463 1730 522 velint
1746 484 1761 534 ;

177 560 371 635 qualis
417 561 526 618 suit
566 561 714 619 inter
754 561 820 619 P.
850 561 1200 620 Africanum
1240 569 1299 618 et
1335 560 1417 623 Q.
1460 559 1763 620 Metellum

177 657 311 714 sine
341 657 655 718 acerbitate
683 657 981 716 dissensio.

262 753 397 812 Nec
450 773 586 812 vero
628 754 921 827 audiendi,
963 754 1062 830 qui
1111 753 1358 831 graviter
1400 753 1760 813 irascendum
1789 757 1823 808 5

179 850 439 908 inimicis
464 852 767 927 putabunt,
799 851 971 926 idque
1000 850 1352 928 magnanimi
1381 861 1439 908 et
1468 850 1630 909 fortis
1657 851 1763 910 viri

176 966 311 1004 esse
358 948 695 1006 censebunt.
778 947 943 1006 Nihil
1000 948 1155 1005 enim
1210 947 1575 1019 laudabilius,
1617 947 1761 1005 nihil

178 1063 395 1120 magno
421 1054 481 1101 et
514 1043 794 1120 praeclaro
822 1044 943 1102 viro
983 1043 1235 1122 dignius,
1264 1043 1652 1121 placabilitate
1682 1052 1765 1102 at-

175 1159 305 1216 que*
335 1140 661 1199 clementia.
745 1140 814 1198 In
867 1141 1064 1199 liberis
1116 1160 1252 1199 vero
1297 1141 1539 1218 populis,
1586 1152 1647 1200 et
1699 1142 1761 1200 in

169 1236 320 1313 juris
361 1237 767 1311 aequabilitate,
796 1238 1122 1296 exercenda
1160 1236 1336 1295 etiam
1362 1248 1450 1295 est
1492 1238 1760 1312 facilitas,
1791 1244 1855 1294 10

176 1343 237 1391 et
281 1333 524 1392 altitudo
568 1334 765 1406 animi,
795 1353 920 1409 quae
957 1334 1203 1405 dicitur3
1245 1353 1339 1406 ne,
1367 1334 1417 1394 si
1444 1334 1761 1393 irascamur

180 1440 280 1488 aut
324 1429 721 1507 intempestive
769 1423 1203 1503 accedentibus,
1246 1441 1345 1489 aut
1399 1431 1759 1508 impudenter

177 1526 537 1604 rogantibus,
558 1527 618 1584 in
636 1527 1028 1585 morositatem
1046 1528 1311 1588 inutilem
1326 1538 1386 1586 et
1400 1528 1656 1587 odiosam
1677 1528 1761 1586 in·

176 1624 461 1680 cidamus.
522 1622 600 1680 Et
627 1633 821 1682 tamen
849 1624 931 1682 ita
953 1624 1255 1700 probanda
1273 1634 1360 1683 est
1380 1624 1761 1684 mansuetudo

177 1730 352 1795 atque
381 1719 708 1793 clementia,
731 1730 794 1779 ut
823 1719 1183 1791 adhibeatur,
1205 1720 1538 1796 reipublicae
1561 1721 1757 1794 causa,
1791 1726 1852 1774 15

174 1817 474 1888 severitas,
497 1816 621 1875 sine
640 1816 755 1894 qua
778 1815 1167 1875 administrari
1189 1816 1393 1875 civitas
1412 1836 1531 1874 non
1551 1827 1756 1894 potest.

255 1911 470 1972 Omnis
487 1923 678 1972 autem
698 1924 757 1971 et
780 1912 1202 1976 animadversio
1217 1922 1277 1970 et
1297 1913 1601 1991 castigatio
1623 1933 1762 1973 con·

174 2010 419 2070 tumelia
448 2028 651 2068 vacare
681 2010 883 2068 debet:
915 2028 1116 2085 neque
1135 2009 1207 2067 ad
1234 2009 1376 2087 ejus,
1398 2011 1497 2086 qui
1522 2011 1758 2088 punitur

176 2106 449 2182 aliquem,
482 2117 580 2165 aut
618 2107 808 2165 verbis
849 2108 1112 2184 castigat,
1146 2107 1247 2172 sed
1292 2108 1362 2165 ad
1403 2108 1756 2185 reipublicae,

173 2202 482 2261 utilitatem
512 2203 729 2261 referri.
1785 2203 1849 2254 20

253 2298 595 2357 Cavendum
642 2310 731 2357 est
777 2300 972 2372 etiam,
1016 2319 1092 2357 ne
1141 2301 1323 2377 major
1369 2321 1540 2377 poena
1586 2321 1756 2377 quam

172 2396 348 2473 culpa
387 2396 494 2467 sit3
537 2406 596 2454 et
634 2416 730 2468 ne,
761 2397 966 2454 iisdem
1008 2397 1081 2454 de
1122 2398 1333 2470 causis,
1367 2398 1465 2456 alii
1504 2400 1759 2475 plectan-

172 2502 287 2563 tur,
319 2492 414 2550 alii
445 2511 520 2550 ne
550 2494 906 2569 appellentur
935 2494 1184 2569 quidem.

254 2589 622 2648 Prohibenda
650 2600 839 2648 autem
864 2591 1110 2648 maxime
1132 2602 1219 2649 est
1240 2592 1323 2649 ira
1346 2592 1405 2650 in
1426 2593 1753 2668 puniendo:

172 2705 470 2762 nunquam
526 2686 702 2758 enim,
747 2686 926 2744 iratus
971 2687 1069 2763 qui
1113 2690 1353 2747 accedet
1396 2690 1465 2746 ad
1505 2708 1754 2765 poenam,
1784 2695 1849 2745 25

173 2783 632 2841 mediocritatem
642 2783 807 2842 illam
829 2784 1068 2855 tenebit,
1086 2804 1214 2858 quae
1235 2796 1323 2843 est
1345 2786 1492 2843 inter
1513 2786 1757 2843 nimium

174 2889 234 2936 et
285 2897 492 2954 parum
510 2898 525 2949 ;
567 2898 695 2955 quae
748 2879 939 2955 placet
991 2879 1425 2955 Peripateticis3
1488 2892 1547 2939 et
1599 2890 1759 2939 recte

172 2975 386 3053 placet,
426 2975 610 3048 modo¹
640 2994 716 3034 ne
756 2974 1057 3034 laudarent
1100 2977 1477 3050 iracundiam,
1506 2987 1565 3035 et
1605 2977 1759 3037 dice·
