2192 3517
184 204 336 265 L.1.]
745 200 833 248 na
872 199 1167 250 omens.
1770 190 1854 251 43

170 344 341 404 viore
396 341 576 406 causa
629 346 911 424 impediti,
955 368 990 408 a
1033 349 1335 427 republica
1373 361 1757 422 recesserunt,

170 462 315 502 cum
339 444 467 521 ejus
494 445 958 506 administrandae
977 456 1317 523 potestatem
1341 447 1486 520 aliis,
1505 448 1737 505 laudem

170 559 314 617 que,
346 542 753 601 concederent.
832 542 1071 612 Quibus
1114 553 1306 601 autem
1344 545 1475 602 talis
1501 544 1659 606 nulla
1685 544 1760 602 sit

172 656 380 710 causa,
423 638 473 696 si
520 638 816 716 despicere
861 660 925 698 se
966 640 1168 698 dicant
1207 658 1297 712 ea,
1338 657 1463 716 quae
1502 640 1760 717 plerique

18 799 19 806 ἵ
172 735 485 807 mirentur,
515 735 756 812 imperia
794 746 855 795 et
893 737 1284 814 magistratus,
1327 737 1400 795 iis
1435 756 1552 795 non
1588 738 1762 798 modo
1787 745 1821 794 5

18 869 23 904 ÷
98 891 105 900 ,
173 850 303 889 non
356 831 536 905 laudi,
590 852 787 892 verum
839 834 1016 892 etiam
1068 834 1230 907 vitio,
1266 833 1539 904 ‚dandum
1599 816 1800 910 puta*

173 928 455 991 Quorum
490 929 795 1006 judicium,
825 930 887 989 in
925 950 998 989 eo
1038 932 1193 1009 quod
1233 931 1474 1009 gloriam
1512 944 1765 989 contem·

16 1103 17 1106 Ἴ
177 1036 329 1084 nant
372 1036 430 1083 et
467 1045 574 1103 pro
612 1027 796 1086 nihilo
830 1037 1053 1105 putent,
1084 1028 1320 1090 difficile
1347 1027 1503 1086 factu
1530 1036 1619 1084 est
1644 1046 1763 1085 non

176 1123 470 1199 probare:
514 1124 615 1182 sed
643 1124 908 1183 videntur
943 1125 1176 1183 labores
1210 1136 1268 1184 et
1302 1123 1613 1195 molestiae,
1640 1133 1764 1182 tum
1833 1145 1842 1160 ·

14 1171 19 1310 Ι.
176 1219 588 1293 offensionum,
618 1230 738 1279 tum
768 1222 1147 1298 repulsarum,
1179 1222 1340 1296 quasi
1370 1220 1655 1298 quandam
1683 1220 1767 1298 ig·
1794 1226 1856 1277 10

14 1313 17 1438 ν
179 1317 528 1389 nominiam‚
557 1317 781 1390 timere,
810 1327 869 1377 et
896 1318 1211 1376 infamiam.
1293 1319 1445 1376 Sunt
1469 1319 1645 1390 enim,
1665 1317 1790 1394 qui.
1965 1335 1980 1362 ³

182 1414 248 1471 in
277 1413 452 1472 rebus
496 1415 800 1473 contrariis
843 1434 1046 1492 parum
1083 1415 1195 1473 sibi
1235 1425 1532 1486 constent3
1572 1416 1768 1491 volup-

180 1520 365 1568 tatem
384 1511 742 1570 severissime
764 1522 1159 1584 contemnant,
1183 1512 1241 1570 in
1271 1512 1465 1571 dolore
1492 1513 1606 1570 sint
1627 1512 1770 1570 mol-

181 1606 394 1678 liores3
450 1608 688 1684 gloriam
735 1609 1054 1686 negligant,
1101 1609 1440 1686 frangantur
1489 1609 1763 1690 infamia:

187 1714 362 1780 atque
388 1724 460 1763 ea
486 1705 717 1781 quidem
746 1724 864 1763 non
893 1706 1032 1764 satis
1061 1715 1410 1764 constanter.
1795 1714 1857 1762 15
1929 1719 1933 1724 ’

269 1802 386 1859 Sed
417 1802 508 1873 iis,
535 1802 631 1878 qui
660 1802 876 1860 habent
905 1821 938 1860 a
964 1800 1173 1860 natura
1213 1802 1541 1877 adjumenta
1576 1818 1767 1858 rerum

188 1897 598 1975 gerendarum,
619 1898 844 1976 abjecta
862 1898 1021 1956 omni
1039 1898 1433 1969 cunctatione,
1454 1898 1771 1973 adipiscen-

188 1994 251 2051 di
283 1994 671 2070 magistratus,
700 2005 759 2053 et
786 1995 1042 2072 gerenda
1085 1994 1415 2072 respublica
1451 2004 1554 2054 est.
1635 1992 1769 2052 Nec

188 2091 349 2149 enim
380 2091 541 2149 aliter
572 2101 670 2149 aut
710 2092 833 2169 regi
876 2092 1100 2164 civitaS,
1132 2102 1230 2150 aut
1268 2091 1549 2150 declarari
1592 2089 1780 2152 animi„

191 2187 551 2265 magnitudo,
566 2197 773 2263 potest.
828 2189 1279 2264 Capessentibus
1300 2199 1486 2246 antem
1507 2188 1771 2263 rempub·
1796 2201 1860 2249 20

189 2284 368 2341 licam
403 2283 589 2341 nihilo
618 2284 828 2355 minus»,
846 2299 1025 2358 ‘quam
1054 2283 1423 2359 philosophis,
1453 2284 1603 2340 haud
1646 2283 1770 2342 scio

195 2400 268 2438 an
310 2380 494 2457 magis
522 2380 719 2451 etiam,
747 2389 805 2437 et
833 2380 1279 2458 magnificentia,
1309 2391 1367 2436 et
1394 2379 1773 2455 despicientia

194 2477 524 2534 adhibenda
569 2477 643 2533 sit
684 2494 874 2533 rernm
920 2476 1317 2547 humanarum,
1364 2485 1424 2536 et
1468 2495 1557 2546 ea,
1601 2495 1769 2552 quam
1809 2503 1820 2508 “

193 2593 345 2650 soepe
374 2574 528 2644 dico,
558 2582 616 2630 et
645 2572 1026 2648 tranquillitas
1056 2572 1230 2629 animi
1260 2583 1430 2648 atque
1458 2573 1737 2631 securitas
1754 2591 1769 2643 3

194 2670 245 2727 si
274 2670 506 2746 quidem
535 2688 647 2727 nec
678 2669 830 2727 anxii
860 2669 1036 2726 futuri
1064 2679 1217 2742 sunt,
1247 2680 1306 2726 et
1333 2688 1466 2725 cum
1495 2669 1771 2745 gravitate
1800 2674 1864 2722 525

196 2767 637 2843 constantiaque
693 2766 917 2824 victuri.
984 2765 1154 2828 ⁴Quae
1189 2785 1273 2840 „eo
1329 2764 1591 2823 faciliora
1641 2773 1776 2820 sunt

193 2863 574 2940 philosophis,
620 2881 734 2938 quo
782 2863 971 2920 minus
1017 2861 1196 2919 multa
1239 2870 1436 2938 patent
1476 2862 1535 2918 in
1577 2878 1775 2917 eorum

200 2960 338 3033 rita,
368 2978 497 3035 quae
539 2959 770 3018 fortuna
810 2958 996 3042 feriat,
1025 2968 1083 3015 et
1111 2976 1225 3032 quo
1253 2957 1445 3014 minus
1471 2954 1664 3013 multis
1692 2974 1776 3014 re-
