<?xml version="1.0" encoding="UTF-8"?>
<!DOCTYPE html PUBLIC "-//W3C//DTD XHTML 1.0 Transitional//EN"
    "http://www.w3.org/TR/xhtml1/DTD/xhtml1-transitional.dtd">
<html xmlns="http://www.w3.org/1999/xhtml" xml:lang="en" lang="en">
 <head>
  <title>
</title>
<meta http-equiv="Content-Type" content="text/html;charset=utf-8" />
  <meta name='ocr-system' content='tesseract 3.04.00' />
  <meta name='ocr-capabilities' content='ocr_page ocr_carea ocr_par ocr_line ocrx_word'/>
</head>
<body>
  <div class='ocr_page' id='page_1' title='image "./mtciceronisdeof05cicegoog/mtciceronisdeof05cicegoog_0129.png"; bbox 0 0 2192 3517; ppageno 0'>
   <div class='ocr_carea' id='block_1_1' title="bbox 227 187 1902 261">
    <p class='ocr_par' dir='ltr' id='par_1_1' title="bbox 227 187 1902 261">
     <span class='ocr_line' id='line_1_1' title="bbox 227 187 1902 261; baseline -0.001 -13"><span class='ocrx_word' id='word_1_1' title='bbox 227 198 287 248; x_wconf 57' lang='lat'><strong>1„</strong></span> <span class='ocrx_word' id='word_1_2' title='bbox 308 201 391 261; x_wconf 73' lang='grc' dir='ltr'><strong>η]</strong></span> <span class='ocrx_word' id='word_1_3' title='bbox 806 198 894 246; x_wconf 78' lang='lat' dir='ltr'><strong>m:</strong></span> <span class='ocrx_word' id='word_1_4' title='bbox 931 199 1223 248; x_wconf 73' lang='lat' dir='ltr'><strong>omens.</strong></span> <span class='ocrx_word' id='word_1_5' title='bbox 1545 201 1550 208; x_wconf 91' lang='lat'><em>·</em></span> <span class='ocrx_word' id='word_1_6' title='bbox 1788 187 1902 247; x_wconf 78' lang='lat'><strong>123</strong></span> 
     </span>
    </p>
   </div>
   <div class='ocr_carea' id='block_1_2' title="bbox 229 346 1912 2163">
    <p class='ocr_par' dir='ltr' id='par_1_2' title="bbox 229 346 1874 1106">
     <span class='ocr_line' id='line_1_2' title="bbox 231 346 1810 430; baseline -0.001 -21"><span class='ocrx_word' id='word_1_7' title='bbox 231 349 487 430; x_wconf 85' lang='lat' dir='ltr'><strong>ingeni0,</strong></span> <span class='ocrx_word' id='word_1_8' title='bbox 519 349 578 410; x_wconf 83' lang='lat' dir='ltr'><strong>in</strong></span> <span class='ocrx_word' id='word_1_9' title='bbox 618 348 933 426; x_wconf 80' lang='lat' dir='ltr'>primisque</span> <span class='ocrx_word' id='word_1_10' title='bbox 962 346 1173 418; x_wconf 76' lang='lat' dir='ltr'><strong>claruS,</strong></span> <span class='ocrx_word' id='word_1_11' title='bbox 1202 346 1436 425; x_wconf 86' lang='lat' dir='ltr'><strong>gloriari</strong></span> <span class='ocrx_word' id='word_1_12' title='bbox 1476 349 1718 420; x_wconf 77' lang='lat' dir='ltr'><strong>solebat,</strong></span> <span class='ocrx_word' id='word_1_13' title='bbox 1746 367 1810 407; x_wconf 88' lang='lat' dir='ltr'><strong>se</strong></span> 
     </span>
     <span class='ocr_line' id='line_1_3' title="bbox 229 445 1810 524; baseline 0 -19"><span class='ocrx_word' id='word_1_14' title='bbox 229 448 358 506; x_wconf 88' lang='lat' dir='ltr'><strong>sine</strong></span> <span class='ocrx_word' id='word_1_15' title='bbox 413 448 531 504; x_wconf 90' lang='lat' dir='ltr'><strong>ullo</strong></span> <span class='ocrx_word' id='word_1_16' title='bbox 586 464 823 514; x_wconf 86' lang='lat' dir='ltr'><strong>munere</strong></span> <span class='ocrx_word' id='word_1_17' title='bbox 885 445 1154 521; x_wconf 86' lang='lat' dir='ltr'><strong>adeptum</strong></span> <span class='ocrx_word' id='word_1_18' title='bbox 1221 462 1348 502; x_wconf 88' lang='lat' dir='ltr'><strong>esse</strong></span> <span class='ocrx_word' id='word_1_19' title='bbox 1414 445 1627 519; x_wconf 87' lang='lat' dir='ltr'><strong>omnia,</strong></span> <span class='ocrx_word' id='word_1_20' title='bbox 1684 465 1810 524; x_wconf 81' lang='lat' dir='ltr'><strong>quae</strong></span> 
     </span>
     <span class='ocr_line' id='line_1_4' title="bbox 229 541 1808 618; baseline 0 -17"><span class='ocrx_word' id='word_1_21' title='bbox 229 544 580 602; x_wconf 81' lang='lat' dir='ltr'><strong>haberentur</strong></span> <span class='ocrx_word' id='word_1_22' title='bbox 610 543 974 618; x_wconf 87' lang='lat' dir='ltr'><strong>amplissima.</strong></span> <span class='ocrx_word' id='word_1_23' title='bbox 1059 541 1309 599; x_wconf 77' lang='lat' dir='ltr'><strong>Dicebat</strong></span> <span class='ocrx_word' id='word_1_24' title='bbox 1338 541 1490 598; x_wconf 89' lang='lat' dir='ltr'><strong>idem</strong></span> <span class='ocrx_word' id='word_1_25' title='bbox 1514 543 1583 600; x_wconf 85' lang='lat' dir='ltr'><strong>C.</strong></span> <span class='ocrx_word' id='word_1_26' title='bbox 1607 543 1808 601; x_wconf 87' lang='lat' dir='ltr'><strong>Curi0.</strong></span> 
     </span>
     <span class='ocr_line' id='line_1_5' title="bbox 231 638 1808 716; baseline 0 -17"><span class='ocrx_word' id='word_1_27' title='bbox 231 641 424 699; x_wconf 90' lang='lat' dir='ltr'><strong>Nobis</strong></span> <span class='ocrx_word' id='word_1_28' title='bbox 451 658 677 716; x_wconf 92' lang='lat' dir='ltr'><strong>quoque</strong></span> <span class='ocrx_word' id='word_1_29' title='bbox 707 639 845 697; x_wconf 87' lang='lat' dir='ltr'><strong>licet</strong></span> <span class='ocrx_word' id='word_1_30' title='bbox 874 639 932 696; x_wconf 88' lang='lat' dir='ltr'><strong>in</strong></span> <span class='ocrx_word' id='word_1_31' title='bbox 961 639 1076 696; x_wconf 90' lang='lat' dir='ltr'><strong>hoc</strong></span> <span class='ocrx_word' id='word_1_32' title='bbox 1104 638 1530 713; x_wconf 88' lang='lat' dir='ltr'><strong>quodammodo</strong></span> <span class='ocrx_word' id='word_1_33' title='bbox 1557 639 1808 716; x_wconf 84' lang='lat' dir='ltr'><strong>gloriari.</strong></span> 
     </span>
     <span class='ocr_line' id='line_1_6' title="bbox 230 735 1874 813; baseline 0.001 -18"><span class='ocrx_word' id='word_1_34' title='bbox 230 738 291 796; x_wconf 92' lang='lat' dir='ltr'>N</span> <span class='ocrx_word' id='word_1_35' title='bbox 298 757 410 808; x_wconf 86' lang='lat' dir='ltr'><strong>am,</strong></span> <span class='ocrx_word' id='word_1_36' title='bbox 463 756 567 813; x_wconf 88' lang='lat' dir='ltr'><strong>pro</strong></span> <span class='ocrx_word' id='word_1_37' title='bbox 624 736 999 811; x_wconf 86' lang='lat' dir='ltr'><strong>amplitudine</strong></span> <span class='ocrx_word' id='word_1_38' title='bbox 1052 735 1337 794; x_wconf 87' lang='lat' dir='ltr'><strong>honorum</strong></span> <span class='ocrx_word' id='word_1_39' title='bbox 1393 754 1537 810; x_wconf 93' lang='lat' dir='ltr'><strong>quos</strong></span> <span class='ocrx_word' id='word_1_40' title='bbox 1585 737 1813 796; x_wconf 83' lang='lat' dir='ltr'><strong>cunctis</strong></span> <span class='ocrx_word' id='word_1_41' title='bbox 1839 746 1874 795; x_wconf 82' lang='lat'><strong>5</strong></span> 
     </span>
     <span class='ocr_line' id='line_1_7' title="bbox 232 833 1814 910; baseline 0 -18"><span class='ocrx_word' id='word_1_42' title='bbox 232 834 523 910; x_wconf 85' lang='lat' dir='ltr'><strong>suffragiis</strong></span> <span class='ocrx_word' id='word_1_43' title='bbox 592 833 781 909; x_wconf 84' lang='lat' dir='ltr'><strong>adepti</strong></span> <span class='ocrx_word' id='word_1_44' title='bbox 848 851 1047 890; x_wconf 86' lang='lat' dir='ltr'><strong>sumus</strong></span> <span class='ocrx_word' id='word_1_45' title='bbox 1116 843 1311 890; x_wconf 87' lang='lat' dir='ltr'><strong>nostro</strong></span> <span class='ocrx_word' id='word_1_46' title='bbox 1364 833 1598 908; x_wconf 89' lang='lat' dir='ltr'><strong>quidem</strong></span> <span class='ocrx_word' id='word_1_47' title='bbox 1663 853 1814 892; x_wconf 89' lang='lat' dir='ltr'><strong>anno</strong></span> 
     </span>
     <span class='ocr_line' id='line_1_8' title="bbox 234 913 1818 1007; baseline 0.001 -19"><span class='ocrx_word' id='word_1_48' title='bbox 234 930 417 1007; x_wconf 89' lang='lat' dir='ltr'><strong>(quod</strong></span> <span class='ocrx_word' id='word_1_49' title='bbox 459 913 705 1007; x_wconf 75' lang='lat' dir='ltr'><strong>contigit</strong></span> <span class='ocrx_word' id='word_1_50' title='bbox 746 948 947 987; x_wconf 86' lang='lat' dir='ltr'><strong>eorum</strong></span> <span class='ocrx_word' id='word_1_51' title='bbox 988 929 1209 987; x_wconf 87' lang='lat' dir='ltr'><strong>nemini</strong></span> <span class='ocrx_word' id='word_1_52' title='bbox 1242 949 1386 1005; x_wconf 88' lang='lat' dir='ltr'><strong>quos</strong></span> <span class='ocrx_word' id='word_1_53' title='bbox 1426 930 1599 988; x_wconf 92' lang='lat' dir='ltr'><strong>modo</strong></span> <span class='ocrx_word' id='word_1_54' title='bbox 1636 930 1818 989; x_wconf 89' lang='lat' dir='ltr'><strong>nomi-</strong></span> 
     </span>
     <span class='ocr_line' id='line_1_9' title="bbox 233 1026 1617 1106; baseline -0.001 -20"><span class='ocrx_word' id='word_1_55' title='bbox 233 1028 418 1106; x_wconf 84' lang='lat' dir='ltr'><strong>navi),</strong></span> <span class='ocrx_word' id='word_1_56' title='bbox 448 1046 587 1086; x_wconf 86' lang='lat' dir='ltr'><strong>sane</strong></span> <span class='ocrx_word' id='word_1_57' title='bbox 615 1027 858 1104; x_wconf 84' lang='lat' dir='ltr'><strong>exiguus</strong></span> <span class='ocrx_word' id='word_1_58' title='bbox 886 1036 1148 1102; x_wconf 87' lang='lat' dir='ltr'><strong>sumptus</strong></span> <span class='ocrx_word' id='word_1_59' title='bbox 1176 1026 1465 1084; x_wconf 66' lang='lat' dir='ltr'><strong>aedilitatis</strong></span> <span class='ocrx_word' id='word_1_60' title='bbox 1494 1026 1617 1085; x_wconf 88' lang='lat' dir='ltr'><strong>suit.</strong></span> 
     </span>
    </p>

    <p class='ocr_par' dir='ltr' id='par_1_3' title="bbox 231 1122 1912 2163">
     <span class='ocr_line' id='line_1_10' title="bbox 314 1122 1815 1199; baseline 0.001 -18"><span class='ocrx_word' id='word_1_61' title='bbox 314 1124 510 1199; x_wconf 89' lang='lat' dir='ltr'><strong>Atque</strong></span> <span class='ocrx_word' id='word_1_62' title='bbox 576 1123 751 1181; x_wconf 88' lang='lat' dir='ltr'><strong>etiam</strong></span> <span class='ocrx_word' id='word_1_63' title='bbox 815 1123 926 1181; x_wconf 81' lang='lat' dir='ltr'><strong>illae</strong></span> <span class='ocrx_word' id='word_1_64' title='bbox 981 1122 1255 1198; x_wconf 66' lang='lat' dir='ltr'><strong>impensae</strong></span> <span class='ocrx_word' id='word_1_65' title='bbox 1309 1123 1591 1197; x_wconf 86' lang='lat' dir='ltr'><strong>meliores,</strong></span> <span class='ocrx_word' id='word_1_66' title='bbox 1646 1123 1815 1196; x_wconf 87' lang='lat' dir='ltr'><strong>muri,</strong></span> 
     </span>
     <span class='ocr_line' id='line_1_11' title="bbox 231 1219 1909 1297; baseline -0.004 -18"><span class='ocrx_word' id='word_1_67' title='bbox 231 1220 480 1291; x_wconf 88' lang='lat' dir='ltr'><strong>navalia,</strong></span> <span class='ocrx_word' id='word_1_68' title='bbox 509 1231 726 1297; x_wconf 87' lang='lat' dir='ltr'><strong>portus,</strong></span> <span class='ocrx_word' id='word_1_69' title='bbox 758 1237 1031 1295; x_wconf 87' lang='lat' dir='ltr'><strong>aquarum</strong></span> <span class='ocrx_word' id='word_1_70' title='bbox 1078 1219 1307 1292; x_wconf 86' lang='lat' dir='ltr'><strong>duetus,</strong></span> <span class='ocrx_word' id='word_1_71' title='bbox 1337 1220 1662 1297; x_wconf 76' lang='lat' dir='ltr'><strong>omniaque,</strong></span> <span class='ocrx_word' id='word_1_72' title='bbox 1690 1239 1817 1296; x_wconf 81' lang='lat' dir='ltr'><strong>quoe</strong></span> <span class='ocrx_word' id='word_1_73' title='bbox 1848 1222 1909 1273; x_wconf 84' lang='lat'><strong>10</strong></span> 
     </span>
     <span class='ocr_line' id='line_1_12' title="bbox 235 1316 1818 1394; baseline 0.001 -19"><span class='ocrx_word' id='word_1_74' title='bbox 235 1318 307 1375; x_wconf 89' lang='lat' dir='ltr'><strong>ad</strong></span> <span class='ocrx_word' id='word_1_75' title='bbox 338 1324 506 1374; x_wconf 81' lang='lat' dir='ltr'><strong>usum</strong></span> <span class='ocrx_word' id='word_1_76' title='bbox 528 1316 861 1391; x_wconf 68' lang='lat' dir='ltr'><strong>reipublicae</strong></span> <span class='ocrx_word' id='word_1_77' title='bbox 883 1316 1189 1392; x_wconf 74' lang='lat' dir='ltr'><strong>pertinent.</strong></span> <span class='ocrx_word' id='word_1_78' title='bbox 1270 1316 1644 1393; x_wconf 78' lang='lat' dir='ltr'><strong>Quanquam,</strong></span> <span class='ocrx_word' id='word_1_79' title='bbox 1665 1316 1818 1394; x_wconf 88' lang='lat' dir='ltr'><strong>quod</strong></span> 
     </span>
     <span class='ocr_line' id='line_1_13' title="bbox 232 1412 1815 1491; baseline 0.001 -20"><span class='ocrx_word' id='word_1_80' title='bbox 232 1432 485 1491; x_wconf 63' lang='lat' dir='ltr'><strong>praesens</strong></span> <span class='ocrx_word' id='word_1_81' title='bbox 513 1423 783 1488; x_wconf 82' lang='lat' dir='ltr'><strong>tanquam</strong></span> <span class='ocrx_word' id='word_1_82' title='bbox 806 1413 866 1470; x_wconf 90' lang='lat' dir='ltr'><strong>in</strong></span> <span class='ocrx_word' id='word_1_83' title='bbox 888 1431 1122 1469; x_wconf 86' lang='lat' dir='ltr'><strong>manum</strong></span> <span class='ocrx_word' id='word_1_84' title='bbox 1146 1412 1333 1485; x_wconf 88' lang='lat' dir='ltr'><strong>datur,</strong></span> <span class='ocrx_word' id='word_1_85' title='bbox 1357 1413 1673 1491; x_wconf 87' lang='lat' dir='ltr'><strong>jucundius</strong></span> <span class='ocrx_word' id='word_1_86' title='bbox 1699 1425 1815 1485; x_wconf 81' lang='lat' dir='ltr'><strong>est3</strong></span> 
     </span>
     <span class='ocr_line' id='line_1_14' title="bbox 234 1508 1820 1587; baseline 0 -20"><span class='ocrx_word' id='word_1_87' title='bbox 234 1519 431 1567; x_wconf 88' lang='lat' dir='ltr'><strong>tamen</strong></span> <span class='ocrx_word' id='word_1_88' title='bbox 459 1508 585 1566; x_wconf 84' lang='lat' dir='ltr'><strong>haec</strong></span> <span class='ocrx_word' id='word_1_89' title='bbox 614 1509 673 1566; x_wconf 90' lang='lat' dir='ltr'><strong>in</strong></span> <span class='ocrx_word' id='word_1_90' title='bbox 700 1519 992 1585; x_wconf 90' lang='lat' dir='ltr'><strong>posterum</strong></span> <span class='ocrx_word' id='word_1_91' title='bbox 1031 1508 1302 1586; x_wconf 87' lang='lat' dir='ltr'><strong>gratiora.</strong></span> <span class='ocrx_word' id='word_1_92' title='bbox 1384 1509 1664 1583; x_wconf 85' lang='lat' dir='ltr'><strong>Theatra,</strong></span> <span class='ocrx_word' id='word_1_93' title='bbox 1691 1529 1820 1587; x_wconf 91' lang='lat' dir='ltr'><strong>por-</strong></span> 
     </span>
     <span class='ocr_line' id='line_1_15' title="bbox 236 1604 1820 1686; baseline -0.001 -23"><span class='ocrx_word' id='word_1_94' title='bbox 236 1606 408 1676; x_wconf 88' lang='lat' dir='ltr'><strong>ticus,</strong></span> <span class='ocrx_word' id='word_1_95' title='bbox 432 1625 580 1663; x_wconf 86' lang='lat' dir='ltr'><strong>nova</strong></span> <span class='ocrx_word' id='word_1_96' title='bbox 601 1604 832 1681; x_wconf 89' lang='lat' dir='ltr'><strong>templa,</strong></span> <span class='ocrx_word' id='word_1_97' title='bbox 851 1604 1236 1686; x_wconf 84' lang='lat' dir='ltr'><strong>verecundius</strong></span> <span class='ocrx_word' id='word_1_98' title='bbox 1256 1605 1634 1683; x_wconf 84' lang='lat' dir='ltr'><strong>reprehendo,</strong></span> <span class='ocrx_word' id='word_1_99' title='bbox 1655 1625 1820 1683; x_wconf 86' lang='lat' dir='ltr'><strong>prop-</strong></span> 
     </span>
     <span class='ocr_line' id='line_1_16' title="bbox 237 1700 1912 1779; baseline -0.004 -19"><span class='ocrx_word' id='word_1_100' title='bbox 237 1712 326 1760; x_wconf 84' lang='lat' dir='ltr'><strong>ter</strong></span> <span class='ocrx_word' id='word_1_101' title='bbox 365 1702 740 1779; x_wconf 88' lang='lat' dir='ltr'><strong>Pompeium:</strong></span> <span class='ocrx_word' id='word_1_102' title='bbox 786 1700 888 1758; x_wconf 84' lang='lat' dir='ltr'><strong>sed</strong></span> <span class='ocrx_word' id='word_1_103' title='bbox 929 1700 1250 1759; x_wconf 80' lang='lat' dir='ltr'><strong>doctissimi</strong></span> <span class='ocrx_word' id='word_1_104' title='bbox 1290 1720 1407 1760; x_wconf 89' lang='lat' dir='ltr'><strong>non</strong></span> <span class='ocrx_word' id='word_1_105' title='bbox 1447 1702 1711 1777; x_wconf 86' lang='lat' dir='ltr'><strong>probant,</strong></span> <span class='ocrx_word' id='word_1_106' title='bbox 1753 1712 1819 1760; x_wconf 85' lang='lat' dir='ltr'><strong>ut</strong></span> <span class='ocrx_word' id='word_1_107' title='bbox 1848 1704 1912 1754; x_wconf 83' lang='lat'><strong>15</strong></span> 
     </span>
     <span class='ocr_line' id='line_1_17' title="bbox 235 1796 1819 1875; baseline -0.001 -17"><span class='ocrx_word' id='word_1_108' title='bbox 235 1808 297 1858; x_wconf 91' lang='lat' dir='ltr'><strong>et</strong></span> <span class='ocrx_word' id='word_1_109' title='bbox 323 1798 422 1856; x_wconf 89' lang='lat' dir='ltr'><strong>hic</strong></span> <span class='ocrx_word' id='word_1_110' title='bbox 463 1799 583 1875; x_wconf 87' lang='lat' dir='ltr'><strong>ipse</strong></span> <span class='ocrx_word' id='word_1_111' title='bbox 624 1797 935 1874; x_wconf 51' lang='lat' dir='ltr'><strong>Panaetius,</strong></span> <span class='ocrx_word' id='word_1_112' title='bbox 965 1815 1136 1873; x_wconf 83' lang='lat' dir='ltr'><strong>quem</strong></span> <span class='ocrx_word' id='word_1_113' title='bbox 1178 1796 1420 1854; x_wconf 87' lang='lat' dir='ltr'><strong>multum</strong></span> <span class='ocrx_word' id='word_1_114' title='bbox 1450 1798 1509 1857; x_wconf 89' lang='lat' dir='ltr'><strong>in</strong></span> <span class='ocrx_word' id='word_1_115' title='bbox 1537 1797 1629 1855; x_wconf 91' lang='lat' dir='ltr'><strong>his</strong></span> <span class='ocrx_word' id='word_1_116' title='bbox 1654 1797 1819 1856; x_wconf 85' lang='lat' dir='ltr'><strong>libris</strong></span> 
     </span>
     <span class='ocr_line' id='line_1_18' title="bbox 236 1893 1820 1969; baseline -0.001 -17"><span class='ocrx_word' id='word_1_117' title='bbox 236 1904 475 1952; x_wconf 87' lang='lat' dir='ltr'><strong>secutus</strong></span> <span class='ocrx_word' id='word_1_118' title='bbox 528 1913 676 1966; x_wconf 87' lang='lat' dir='ltr'><strong>sum,</strong></span> <span class='ocrx_word' id='word_1_119' title='bbox 724 1912 841 1951; x_wconf 90' lang='lat' dir='ltr'><strong>non</strong></span> <span class='ocrx_word' id='word_1_120' title='bbox 899 1893 1339 1969; x_wconf 85' lang='lat' dir='ltr'><strong>interpretatus;</strong></span> <span class='ocrx_word' id='word_1_121' title='bbox 1394 1905 1453 1950; x_wconf 84' lang='lat' dir='ltr'><strong>et</strong></span> <span class='ocrx_word' id='word_1_122' title='bbox 1505 1893 1820 1954; x_wconf 72' lang='lat' dir='ltr'><strong>Phalereus</strong></span> 
     </span>
     <span class='ocr_line' id='line_1_19' title="bbox 237 1988 1818 2065; baseline -0.001 -16"><span class='ocrx_word' id='word_1_123' title='bbox 237 1990 593 2062; x_wconf 86' lang='lat' dir='ltr'><strong>Demetrius,</strong></span> <span class='ocrx_word' id='word_1_124' title='bbox 648 1990 746 2065; x_wconf 91' lang='lat' dir='ltr'><strong>qui</strong></span> <span class='ocrx_word' id='word_1_125' title='bbox 812 1988 1121 2062; x_wconf 73' lang='lat' dir='ltr'><strong>Periclem,</strong></span> <span class='ocrx_word' id='word_1_126' title='bbox 1173 1989 1494 2065; x_wconf 86' lang='lat' dir='ltr'><strong>principem</strong></span> <span class='ocrx_word' id='word_1_127' title='bbox 1553 1990 1818 2062; x_wconf 81' lang='lat' dir='ltr'><strong>Groeciae,</strong></span> 
     </span>
     <span class='ocr_line' id='line_1_20' title="bbox 238 2079 1822 2163; baseline 0 -17"><span class='ocrx_word' id='word_1_128' title='bbox 238 2079 541 2163; x_wconf 81' lang='lat' dir='ltr'><strong>vituperat,</strong></span> <span class='ocrx_word' id='word_1_129' title='bbox 570 2086 724 2163; x_wconf 91' lang='lat' dir='ltr'><strong>quod</strong></span> <span class='ocrx_word' id='word_1_130' title='bbox 751 2098 970 2148; x_wconf 88' lang='lat' dir='ltr'><strong>tantam</strong></span> <span class='ocrx_word' id='word_1_131' title='bbox 995 2088 1304 2163; x_wconf 88' lang='lat' dir='ltr'><strong>pecuniam</strong></span> <span class='ocrx_word' id='word_1_132' title='bbox 1334 2087 1393 2144; x_wconf 89' lang='lat' dir='ltr'><strong>in</strong></span> <span class='ocrx_word' id='word_1_133' title='bbox 1420 2086 1698 2163; x_wconf 66' lang='lat' dir='ltr'><strong>praeclara·</strong></span> <span class='ocrx_word' id='word_1_134' title='bbox 1724 2087 1822 2146; x_wconf 89' lang='lat' dir='ltr'><strong>illa</strong></span> 
     </span>
    </p>
   </div>
   <div class='ocr_carea' id='block_1_3' title="bbox 237 2183 2010 2262">
    <p class='ocr_par' dir='ltr' id='par_1_4' title="bbox 237 2183 2010 2262">
     <span class='ocr_line' id='line_1_21' title="bbox 237 2183 2010 2262; baseline 0 -20"><span class='ocrx_word' id='word_1_135' title='bbox 237 2183 526 2262; x_wconf 84' lang='lat' dir='ltr'><strong>propylaea</strong></span> <span class='ocrx_word' id='word_1_136' title='bbox 568 2183 900 2260; x_wconf 78' lang='lat' dir='ltr'><strong>conjecerit.</strong></span> <span class='ocrx_word' id='word_1_137' title='bbox 985 2185 1101 2241; x_wconf 85' lang='lat' dir='ltr'><strong>Sed</strong></span> <span class='ocrx_word' id='word_1_138' title='bbox 1146 2184 1219 2241; x_wconf 93' lang='lat' dir='ltr'><strong>de</strong></span> <span class='ocrx_word' id='word_1_139' title='bbox 1262 2185 1376 2242; x_wconf 89' lang='lat' dir='ltr'><strong>hoc</strong></span> <span class='ocrx_word' id='word_1_140' title='bbox 1418 2202 1633 2262; x_wconf 85' lang='lat' dir='ltr'><strong>genere</strong></span> <span class='ocrx_word' id='word_1_141' title='bbox 1674 2193 1817 2255; x_wconf 89' lang='lat' dir='ltr'><strong>tot0,</strong></span> <span class='ocrx_word' id='word_1_142' title='bbox 1848 2188 1912 2240; x_wconf 75' lang='lat'><strong>20</strong></span> <span class='ocrx_word' id='word_1_143' title='bbox 2005 2237 2010 2242; x_wconf 87' lang='lat'><em>.</em></span> 
     </span>
    </p>
   </div>
   <div class='ocr_carea' id='block_1_4' title="bbox 236 2279 1914 2740">
    <p class='ocr_par' dir='ltr' id='par_1_5' title="bbox 236 2279 1914 2740">
     <span class='ocr_line' id='line_1_22' title="bbox 240 2279 1823 2357; baseline -0.001 -18"><span class='ocrx_word' id='word_1_144' title='bbox 240 2282 301 2339; x_wconf 87' lang='lat' dir='ltr'><strong>in</strong></span> <span class='ocrx_word' id='word_1_145' title='bbox 357 2282 429 2339; x_wconf 89' lang='lat' dir='ltr'><strong>iis</strong></span> <span class='ocrx_word' id='word_1_146' title='bbox 482 2280 661 2347; x_wconf 84' lang='lat' dir='ltr'><strong>libris,</strong></span> <span class='ocrx_word' id='word_1_147' title='bbox 709 2299 853 2357; x_wconf 91' lang='lat' dir='ltr'><strong>quos</strong></span> <span class='ocrx_word' id='word_1_148' title='bbox 906 2280 979 2338; x_wconf 89' lang='lat' dir='ltr'><strong>de</strong></span> <span class='ocrx_word' id='word_1_149' title='bbox 1033 2279 1366 2357; x_wconf 66' lang='lat' dir='ltr'><strong>Republica</strong></span> <span class='ocrx_word' id='word_1_150' title='bbox 1420 2280 1645 2356; x_wconf 81' lang='lat' dir='ltr'><strong>scripsi,</strong></span> <span class='ocrx_word' id='word_1_151' title='bbox 1694 2280 1823 2339; x_wconf 88' lang='lat' dir='ltr'><strong>dili-</strong></span> 
     </span>
     <span class='ocr_line' id='line_1_23' title="bbox 236 2361 1819 2456; baseline -0.001 -20"><span class='ocrx_word' id='word_1_152' title='bbox 236 2387 442 2456; x_wconf 87' lang='lat' dir='ltr'><strong>genter</strong></span> <span class='ocrx_word' id='word_1_153' title='bbox 471 2386 560 2435; x_wconf 88' lang='lat' dir='ltr'><strong>est</strong></span> <span class='ocrx_word' id='word_1_154' title='bbox 587 2377 958 2452; x_wconf 85' lang='lat' dir='ltr'><strong>disputatum.</strong></span> <span class='ocrx_word' id='word_1_155' title='bbox 1040 2376 1201 2435; x_wconf 88' lang='lat' dir='ltr'><strong>Tota</strong></span> <span class='ocrx_word' id='word_1_156' title='bbox 1226 2361 1400 2454; x_wconf 86' lang='lat' dir='ltr'><strong>igitur</strong></span> <span class='ocrx_word' id='word_1_157' title='bbox 1429 2377 1578 2434; x_wconf 86' lang='lat' dir='ltr'><strong>ratio</strong></span> <span class='ocrx_word' id='word_1_158' title='bbox 1617 2377 1819 2435; x_wconf 84' lang='lat' dir='ltr'><strong>talium</strong></span> 
     </span>
     <span class='ocr_line' id='line_1_24' title="bbox 238 2457 1822 2551; baseline -0.001 -19"><span class='ocrx_word' id='word_1_159' title='bbox 238 2474 609 2550; x_wconf 88' lang='lat' dir='ltr'><strong>largitionum</strong></span> <span class='ocrx_word' id='word_1_160' title='bbox 638 2492 852 2551; x_wconf 86' lang='lat' dir='ltr'><strong>genere</strong></span> <span class='ocrx_word' id='word_1_161' title='bbox 878 2457 1084 2530; x_wconf 59' lang='lat' dir='ltr'><strong>ritiosa</strong></span> <span class='ocrx_word' id='word_1_162' title='bbox 1111 2484 1217 2544; x_wconf 87' lang='lat' dir='ltr'><strong>est,</strong></span> <span class='ocrx_word' id='word_1_163' title='bbox 1240 2474 1596 2551; x_wconf 83' lang='lat' dir='ltr'><strong>temporibus</strong></span> <span class='ocrx_word' id='word_1_164' title='bbox 1621 2492 1822 2532; x_wconf 84' lang='lat' dir='ltr'><strong>neces·-</strong></span> 
     </span>
     <span class='ocr_line' id='line_1_25' title="bbox 238 2569 1822 2647; baseline 0.001 -17"><span class='ocrx_word' id='word_1_165' title='bbox 238 2570 423 2640; x_wconf 81' lang='lat' dir='ltr'><strong>saria;</strong></span> <span class='ocrx_word' id='word_1_166' title='bbox 482 2580 540 2628; x_wconf 89' lang='lat' dir='ltr'><strong>et</strong></span> <span class='ocrx_word' id='word_1_167' title='bbox 586 2580 711 2628; x_wconf 86' lang='lat' dir='ltr'><strong>tum</strong></span> <span class='ocrx_word' id='word_1_168' title='bbox 758 2569 883 2647; x_wconf 87' lang='lat' dir='ltr'><strong>ipsa</strong></span> <span class='ocrx_word' id='word_1_169' title='bbox 927 2580 986 2628; x_wconf 87' lang='lat' dir='ltr'><strong>et</strong></span> <span class='ocrx_word' id='word_1_170' title='bbox 1035 2570 1105 2627; x_wconf 86' lang='lat' dir='ltr'><strong>ad</strong></span> <span class='ocrx_word' id='word_1_171' title='bbox 1154 2570 1456 2628; x_wconf 81' lang='lat' dir='ltr'><strong>facultates</strong></span> <span class='ocrx_word' id='word_1_172' title='bbox 1503 2589 1822 2632; x_wconf 82' lang='lat' dir='ltr'><strong>accommo-</strong></span> 
     </span>
     <span class='ocr_line' id='line_1_26' title="bbox 239 2667 1914 2740; baseline 0.002 -17"><span class='ocrx_word' id='word_1_173' title='bbox 239 2667 452 2740; x_wconf 89' lang='lat' dir='ltr'><strong>danda,</strong></span> <span class='ocrx_word' id='word_1_174' title='bbox 481 2677 540 2725; x_wconf 91' lang='lat' dir='ltr'><strong>et</strong></span> <span class='ocrx_word' id='word_1_175' title='bbox 568 2667 965 2728; x_wconf 88' lang='lat' dir='ltr'><strong>mediocritate</strong></span> <span class='ocrx_word' id='word_1_176' title='bbox 994 2667 1347 2728; x_wconf 80' lang='lat' dir='ltr'><strong>moderanda</strong></span> <span class='ocrx_word' id='word_1_177' title='bbox 1373 2677 1477 2725; x_wconf 90' lang='lat' dir='ltr'><strong>est.</strong></span> <span class='ocrx_word' id='word_1_178' title='bbox 1847 2677 1914 2727; x_wconf 72' lang='lat'><strong>25</strong></span> 
     </span>
    </p>
   </div>
   <div class='ocr_carea' id='block_1_5' title="bbox 319 2858 1819 2939">
    <p class='ocr_par' dir='ltr' id='par_1_6' title="bbox 319 2858 1819 2939">
     <span class='ocr_line' id='line_1_27' title="bbox 319 2858 1819 2939; baseline 0 -22"><span class='ocrx_word' id='word_1_179' title='bbox 319 2859 549 2918; x_wconf 80' lang='lat' dir='ltr'>XVIII.</span> <span class='ocrx_word' id='word_1_180' title='bbox 592 2860 663 2918; x_wconf 90' lang='lat' dir='ltr'><strong>In</strong></span> <span class='ocrx_word' id='word_1_181' title='bbox 692 2860 792 2920; x_wconf 91' lang='lat' dir='ltr'><strong>illo</strong></span> <span class='ocrx_word' id='word_1_182' title='bbox 822 2872 1010 2920; x_wconf 90' lang='lat' dir='ltr'><strong>autem</strong></span> <span class='ocrx_word' id='word_1_183' title='bbox 1042 2861 1223 2919; x_wconf 88' lang='lat' dir='ltr'><strong>altero</strong></span> <span class='ocrx_word' id='word_1_184' title='bbox 1262 2879 1476 2939; x_wconf 81' lang='lat' dir='ltr'><strong>genere</strong></span> <span class='ocrx_word' id='word_1_185' title='bbox 1514 2858 1819 2938; x_wconf 82' lang='lat' dir='ltr'><strong>largiendi,</strong></span> 
     </span>
    </p>
   </div>
  </div>
 </body>
</html>
