2192 3517
220 202 276 247 L.
298 202 383 262 ιι]
824 203 910 249 DE
955 203 1246 250 ochns.
1778 185 1887 243 131

219 350 578 407 moderatum
648 351 956 429 praebuit);
994 350 1127 407 ·sed
1195 349 1366 422 cum,⁷
1417 349 1478 408 in
1549 336 1795 427 agendo,

218 446 398 503 multa
434 447 804 522 populariter,
832 456 955 505 tum
997 447 1136 505 illud
1179 448 1348 519 male,
1380 454 1416 480 “
1437 457 1554 504 non
1582 466 1707 524 esse
1734 446 1794 506 in

216 542 452 600 civitate
481 543 596 601 duo
625 544 804 601 millia
832 544 1152 615 hominum,
1181 544 1278 620 qui
1305 563 1427 602 rem
1458 545 1792 602 haberent.”

215 637 499 716 Capitalis
566 641 766 709 oratio,
822 651 881 698 et
936 641 1004 698 ad
1062 627 1443 716 aequationem
1512 641 1793 699 bonorum

212 736 542 811 pertinens3
603 737 716 814 qua
768 748 928 814 peste
981 758 1107 813 quae
1159 747 1348 813 potest
1401 756 1528 794 esse
1574 738 1792 814 major!
1819 742 1854 793 5

215 831 391 889 Hanc
431 834 585 890 enim
614 835 690 891 ob
719 854 951 892 causam
989 835 1257 906 maxime,
1286 843 1351 891 ut
1377 853 1482 891 sua
1507 843 1789 907 tenerent,

211 930 552 1005 respublicae
595 930 968 1006 civitatesque
1013 932 1339 988 constitutae
1381 940 1531 988 sunt.
1613 930 1788 1013 Nam,

212 1028 344 1098 etsi,
415 1028 563 1085 duce
636 1028 860 1099 natura,
930 1029 1430 1105 congregabantur
1505 1027 1787 1099 homines,

212 1132 427 1195 tamen,
483 1145 583 1200 spe
649 1125 927 1182 custodiae
993 1143 1184 1182 rerum
1253 1142 1503 1195 suarum,
1559 1123 1789 1181 urbium

209 1221 479 1295 praesidia
504 1223 850 1297 quaerebant.
1145 1241 1150 1246 ·
1816 1222 1880 1273 1⁰

290 1317 500 1374 Danda
528 1318 905 1394 etiamopera
924 1328 1030 1388 est,
1054 1337 1129 1375 ne
1152 1316 1332 1395 (quod
1366 1317 1513 1393 apud
1542 1317 1787 1394 majores

209 1424 439 1471 nostros
479 1434 628 1491 saepe
670 1415 861 1485 fiebat,
902 1425 1132 1491 propter
1187 1414 1371 1472 aerarii
1424 1414 1783 1486 tenuitatem,

212 1509 715 1586 assiduitatemque
750 1512 1054 1591 bellorum)
1085 1511 1359 1568 tributum
1381 1511 1463 1567 sit
1491 1510 1787 1568 conferen-

208 1606 380 1677 dum;
425 1606 596 1682 idque
639 1627 714 1664 ne
757 1608 1001 1680 eveniat,
1047 1608 1228 1665 multo
1273 1617 1404 1664 ante
1446 1608 1556 1664 erit
1600 1606 1787 1684 provi-

206 1703 479 1761 dendum.
590 1704 695 1762 Sin
750 1724 860 1779 qua
915 1704 1230 1760 necessitas
1292 1704 1461 1779 hujus
1528 1704 1784 1760 muneris
1814 1707 1876 1756 15

208 1799 382 1857 alicui
440 1800 770 1876 reipublicae
816 1801 1144 1870 obvenerit3
1201 1797 1383 1876 (malo
1424 1800 1577 1856 enim
1622 1798 1781 1856 alteri

203 1915 374 1971 quam
418 1907 628 1954 nostrae
669 1896 946 1967 ominari3
988 1915 1178 1971 neque
1219 1906 1410 1953 tamen
1451 1895 1524 1951 de
1564 1894 1779 1966 nostra,

205 1992 307 2050 sed
336 1993 409 2049 de
439 1994 595 2050 omni
623 1994 919 2069 republica
947 1987 1205 2072 disputc)
1229 1992 1420 2050 danda
1451 1992 1561 2049 erit
1586 2012 1779 2068 opera,

209 2098 272 2146 ut
317 2101 520 2146 omnes
578 2090 918 2166 intelligant,
965 2088 1040 2167 (si
1084 2089 1224 2147 salvi
1268 2109 1393 2146 esse
1436 2089 1639 2169 velint)
1681 2108 1782 2146 ne-

205 2186 461 2244 cessitati
489 2206 615 2243 esse
642 2187 975 2263 parendum.
1341 2187 1344 2192 ’
1807 2186 1873 2240 20

285 2284 480 2359 Atque
520 2284 694 2340 etiam
734 2303 953 2355 omneS,
982 2283 1079 2358 qui
1120 2283 1531 2358 rempublicam
1575 2283 1781 2360 guber-

203 2380 445 2451 nabunt,
502 2381 804 2437 consulere
859 2380 1170 2450 debebunt,
1223 2388 1284 2436 ut
1338 2398 1533 2436 earum
1587 2398 1778 2437 rerum

205 2475 371 2551 copia
411 2475 504 2546 sit,
533 2495 658 2550 quae
701 2485 834 2532 sunt
860 2474 1218 2532 necessariae.
1300 2474 1564 2537 Quarum
1595 2473 1778 2551 qualis

205 2553 561 2647 compaiatio
588 2571 710 2629 fieri
740 2572 1003 2655 soleatet
1032 2572 1258 2642 debeat,
1281 2590 1396 2628 non
1426 2580 1513 2627 est
1540 2590 1779 2628 necesse

205 2667 528 2743 disputare:
578 2680 661 2726 est
702 2668 858 2726 enim
901 2668 960 2726 in
1000 2678 1300 2744 promptu:
1356 2677 1577 2725 tantum
1617 2668 1781 2725 locus
1806 2675 1872 2726 25

206 2766 575 2842 attingendus
603 2765 724 2824 fuit.

282 2861 475 2938 Caput
504 2872 692 2919 autem
722 2872 807 2920 est
837 2862 895 2919 in
924 2862 1082 2920 omni
1114 2862 1519 2937 procuratione
1558 2859 1779 2936 negotii

205 2968 265 3018 et
308 2959 566 3019 muneris
609 2959 849 3037 publici,
899 2970 960 3019 ut
1008 2959 1258 3018 avaritiae
1309 2957 1553 3036 pellatur
1606 2955 1779 3016 etiam
