2192 3517
327 175 422 244 ‘38
1009 184 1097 229 DE
1138 183 1428 230 omens.
1868 174 1947 238 [1,.
1968 171 2006 228 1.

433 351 665 409 magne,
708 332 994 406 elatoque,
1037 330 1432 407 humanasque
1484 349 1577 387 res
1629 328 2012 405 despiciente,

435 429 651 487 factum
672 428 762 485 sit.
845 428 1048 503 Itaque
1070 428 1133 485 in
1150 427 1374 504 probris
1394 427 1641 486 maxime
1663 426 1725 486 in
1743 438 2011 504 promptu

433 530 540 592 est,
570 520 620 577 si
648 520 792 595 quid·
815 520 928 578 tale
956 519 1075 577 dici
1103 529 1326 596 potest:

495 634 527 659 ‘⁴
548 629 649 678 Vos
668 629 875 691 etenim,
892 630 1128 693 juvenes,
1147 630 1375 677 animum
1396 628 1569 694 geritis
1590 627 1884 677 muliebrem
1900 643 1920 688 3-

366 728 401 777 5
540 710 635 759 Illa
655 711 829 776 virago
849 710 974 760 viri:
994 711 1023 731 ’'
1105 763 1124 787 ,ὀ
1153 769 1168 800 ἰ

431 821 491 869 et
519 811 569 868 si
593 811 731 887 quid
759 810 1042 887 ejusmodi
1068 830 1080 868 ε
1163 795 1192 856 '-

494 929 528 955 ⁸‘
547 924 780 983 Salmaci‚
803 924 868 972 da
887 924 1061 988 spolia,
1074 924 1197 992 *sine
1222 923 1399 972 sudore
1420 928 1474 972 et
1491 922 1789 988 sanguine.”

433 1024 768 1099 Contraque
812 1023 871 1081 in
914 1023 1204 1095 laudibus»,
1253 1041 1380 1098 quae
1433 1041 1645 1100 magno
1694 1023 1908 1094 animo,
1955 1033 2014 1079 et

433 1120 655 1180 fortiter
720 1118 1189 1195 excellenterque
1242 1128 1407 1197 gesta
1457 1127 1609 1190 sunt,
1661 1138 1754 1190 ea,
1808 1119 2013 1176 nescio

274 1233 275 1238 ¹
339 1234 403 1286 ιθ
432 1215 745 1292 quomode,
787 1214 950 1291 quasi
1005 1213 1267 1290 pleniore
1307 1232 1407 1271 ore
1446 1212 1764 1271 laudamus,
1848 1213 2015 1272 Hinc

432 1314 727 1380 rhetorum
757 1329 994 1387 campus
1030 1311 1104 1368 de
1145 1309 1510 1382 Marathone,
1542 1309 1855 1381 Salamine,
1884 1310 2015 1367 Pla·

432 1409 578 1481 taeis,
600 1408 1028 1484 ThermopyliS,
1052 1406 1353 1468 Leuctris:
1396 1406 1535 1464 hinc
1555 1415 1756 1464 noster·
1778 1405 2012 1478 CocleS,

413 1504 572 1562 hinc
611 1504 805 1577 Decii,
837 1504 973 1562 hinc
1014 1503 1125 1561 Cn.
1167 1513 1227 1561 et
1265 1502 1330 1562 P.
1378 1502 1884 1579 Scipione5‚.hinc
1923 1500 2009 1560 M.

432 1599 770 1673 MarcelluS,
826 1598 1390 1675 innumerabilesque
1447 1598 1542 1657 alii
1568 1618 1582 1656 ε
1643 1599 2012 1674 maximeque

342 1708 403 1758 15
435 1697 558 1775 ipse
596 1697 840 1773 populus
896 1696 1205 1759 Romanus
1246 1695 1422 1753 animi
1461 1695 1860 1773 magnitudine
1915 1713 2013 1752 ex-

435 1794 610 1852 cellit.
674 1777 1019 1852 Declaratur
1043 1803 1233 1851 autem
1262 1792 1516 1850 studium
1542 1791 1766 1849 bellicae
1792 1790 2013 1868 gloriae,

435 1890 586 1966 quod
609 1899 827 1947 statuas
845 1908 1075 1964 quoque
1095 1888 1358 1945 videmus
1384 1896 1590 1945 ornatu
1618 1886 1738 1968 fere
1757 1886 2011 1944 militari.

512 2080 683 2138 XIX.
746 2080 863 2138 Sed
905 2098 975 2136 ea
1018 2079 1193 2138 animi
1248 2079 1438 2151 elatio,
1481 2097 1612 2154 quae
1651 2079 1907 2138 cernitur
1943 2080 2013 2138 in

432 2176 707 2253 periculis
727 2186 785 2233 et
806 2175 1119 2247 laboribus,
1141 2174 1192 2231 si
1206 2174 1429 2251 justitia
1450 2184 1636 2248 vacat,
1657 2186 2013 2253 pugnatque,

341 2293 405 2341 20
434 2292 550 2331 non
578 2291 685 2350 pro
713 2273 895 2330 salute
924 2270 1240 2343 communi,
1263 2272 1364 2329 sed
1389 2291 1495 2349 pro
1523 2273 1645 2331 suis
1671 2273 2014 2345 commodis,

407 2405 411 2410 -
437 2371 497 2428 in
524 2370 797 2427 vitioest.
879 2368 939 2427 N
943 2387 1020 2426 on
1048 2368 1202 2427 enim
1232 2369 1405 2427 modo
1433 2370 1491 2427 id
1511 2369 1738 2427 virtutis
1763 2388 1883 2427 non
1905 2382 2014 2442 est,

406 2467 536 2524 ced
601 2466 796 2542 potius
856 2464 1249 2542 immanitatis,
1303 2484 1535 2524 omnem
1596 2466 2016 2524 humanitatem

435 2562 780 2640 repellentia.
862 2562 1066 2638 Itaque
1092 2562 1272 2639 probe
1299 2563 1565 2621 definitur
1596 2582 1630 2619 a
1656 2561 1875 2620 Stoicis
1904 2562 2019 2619 sor-

437 2660 644 2732 titudo,
690 2678 824 2717 cum
866 2678 994 2716 eam
1040 2659 1307 2719 virtutem
1351 2678 1476 2716 esse
1522 2658 1725 2715 dicunt
1768 2675 2020 2736 propug-

345 2771 410 2822 25
438 2767 670 2816 nantem
735 2774 843 2832 pro
909 2757 1194 2832 aequitate.
1286 2751 1618 2817 Quocirca
1648 2773 1843 2826 neme,
1914 2757 2014 2830 qui

439 2852 794 2913 fortitudinis
839 2853 1081 2932 gloriam
1139 2863 1487 2911 consecutus
1538 2861 1627 2910 est
1681 2850 1924 2910 insidiis·
1954 2864 2015 2910 et

441 2950 682 3023 malitie,
711 2950 939 3009 laudern
983 2960 1069 3007 est
1113 2951 1387 3027 adeptus:
1428 2949 1572 3008 nihil
1614 2949 1772 3008 enim
1809 2948 2016 3009 bones·
