2192 3517
156 198 298 260 t..1.]
753 200 841 248 DE
888 200 1182 249 omens,
1755 191 1834 251 49

149 347 337 420 niam,
386 347 489 405 sed
543 347 719 408 vitam
773 348 970 423 etiam,
1013 349 1365 426 profundere
1411 370 1516 428 pro
1556 348 1743 426 patria

146 444 343 522 parati
360 454 587 503 essent:
627 445 804 503 iidem
823 446 1023 523 gloriae
1037 446 1324 523 jacturam
1347 466 1422 505 ne
1443 447 1739 506 minimam

147 542 395 619 quidem
437 543 628 600 faeere
666 543 897 617 vellent,
925 562 1001 602 ne
1029 544 1328 619 republica
1356 544 1588 620 quidem
1614 562 1746 620 pos-

148 639 409 700 tulante:
441 649 504 696 ut
520 639 948 713 Callicratidas,
971 641 1091 716 qui,
1114 659 1248 699 oum
1273 640 1743 700 Lacedaemonio-

148 755 286 794 rum
327 737 446 795 dux
478 737 682 796 fuisset
720 736 1220 813 Peloponnesiaco
1248 737 1422 809 belle,
1452 737 1743 813 multaque
1769 752 1803 799 5

149 833 394 893 fecisset
433 834 689 911 egregie,
718 834 888 894 vertit
917 834 988 892 ad
1016 845 1336 894 extremum
1365 834 1584 904 omnia,
1607 853 1743 892 cum

151 930 406 990 oonsilio
433 950 552 992 non
578 930 771 1007 paruit
797 948 1020 1003 eorum,
1049 931 1149 1008 qui
1191 921 1436 990 classem
1465 931 1537 988 ab
1572 930 1743 1007 Argi-

150 1026 348 1088 nussia
387 1028 817 1100 removendam,
848 1003 960 1086 n³ee
996 1047 1132 1086 eum
1172 1027 1633 1086 Atheniensibus
1659 1027 1744 1084 di·

150 1124 513 1196 micandum,
577 1124 872 1201 putabant.
954 1124 1192 1187 Quibus
1259 1125 1356 1183 ille
1421 1124 1738 1201 respondit,

150 1220 654 1293 Lacedaemonios,
698 1221 882 1279 classe
923 1220 1023 1278 illa
1065 1221 1295 1293 amissa,
1326 1221 1496 1280 aliam
1535 1240 1739 1297 parare
1772 1223 1834 1273 10

148 1338 341 1397 posse,
386 1338 449 1376 se
495 1319 695 1396 fugere
742 1318 869 1378 sine
917 1337 1023 1377 suo
1064 1319 1354 1388 dedecore
1392 1337 1510 1378 non
1551 1337 1735 1396 posse.

148 1417 351 1493 Atque
393 1416 521 1473 haeo
563 1415 794 1491 quidem
837 1415 1299 1475 Lacedaemoniis
1324 1416 1497 1493 plaga
1525 1416 1740 1474 medio-

148 1514 303 1573 oris:
348 1513 449 1571 illa
474 1512 767 1589 pestifera,
797 1513 931 1588 quai,
963 1532 1095 1571 oum
1140 1512 1566 1584 CleombrotuS,
1596 1513 1739 1571 invi·

149 1610 306 1669 diam
318 1609 551 1681 timens,
563 1619 779 1668 temere
792 1628 927 1668 cum
941 1609 1348 1685 Epaminonda
1362 1609 1735 1681 conflixisset,

148 1708 723 1768 Lacedaemoniorum
764 1725 904 1783 opes
945 1716 1306 1764 corruerunt.
1387 1706 1629 1768 Quanto
1653 1706 1734 1769 Q.
1770 1711 1829 1760 15

146 1804 449 1865 Maximus
478 1805 712 1864 melius!
756 1804 831 1862 de
857 1821 972 1878 quo
1000 1802 1262 1862 Ennius:

236 1941 273 1968 “
290 1936 440 1985 Unus
462 1935 611 1983 homo
631 1934 774 1983 nobis
796 1915 1083 1982 cunctando
1105 1932 1326 1981 restituit
1346 1945 1469 1981 rem.

286 2017 407 2068 Non
427 2016 641 2079 ponebat
661 2016 800 2064 enim
820 2029 1047 2063 rumores
1067 2020 1186 2062 ante
1210 2014 1442 2066 salutem.

288 2098 445 2163 Ergo,
467 2103 673 2161 postque
696 2096 956 2161 magisque
983 2095 1075 2146 viri
1097 2111 1237 2145 nune
1259 2095 1417 2161 gloria
1438 2096 1648 2150 claret.''

142 2218 328 2281 Quod
389 2235 573 2294 genus
629 2213 918 2291 peccandi
971 2213 1271 2272 vitandum
1323 2224 1411 2271 est
1457 2215 1630 2274 etiam
1675 2215 1827 2275 inm

144 2317 324 2373 rebus
364 2313 618 2371 urbanis.
704 2313 856 2369 Sunt
897 2310 1073 2383 enim,
1106 2310 1224 2386 qui,
1262 2309 1417 2387 quod
1457 2311 1734 2383 sentiunt,

146 2413 257 2471 etsi
302 2411 584 2487 optimum
629 2408 723 2481 sit,
770 2418 964 2466 tamen
1006 2407 1239 2466 invidiae
1280 2417 1438 2466 metu
1478 2427 1597 2466 non
1642 2428 1738 2467 au-

144 2511 326 2569 deant
352 2508 567 2566 dicere.

225 2668 428 2727 XXV.
471 2638 752 2737 Omnino,
780 2664 878 2742 qui
905 2664 1241 2741 reipublicae
1260 2664 1558 2742 praefuturi
1580 2674 1733 2736 sunt,

143 2766 265 2825 duo
305 2764 567 2824 Platonis
601 2772 893 2839 praeeepta
928 2771 1197 2833 teneant3
1246 2781 1447 2833 unum,
1487 2771 1551 2820 ut
1588 2761 1736 2819 utili·
1761 2767 1826 2816 25

142 2874 323 2922 tatem
353 2863 570 2921 civium
600 2861 687 2919 sio
714 2869 1006 2933 tueantur,
1035 2869 1120 2931 ut,
1144 2878 1504 2936 quaeeunque
1534 2868 1732 2936 agunt,

144 2961 219 3022 td
267 2979 399 3024 eam
440 2959 712 3031 referant,
763 2957 929 3016 obliti
981 2956 1417 3016 commodorum
1464 2975 1731 3027 suorum;

543 3056 583 3113 5
