2192 3517
296 157 409 217 176
812 157 819 162 “
957 164 1045 226 nt:
1087 163 1396 227 οιξιτθιοῑῐεμ-Γ
1766 160 1847 221 [L.
1865 160 1959 207 m.

384 312 678 391 exemplis,
735 312 796 374 in
846 309 1061 389 quibus
1108 311 1341 389 peccari
1393 309 1597 388 vulgus
1654 305 1961 370 homimu'n

386 410 626 468 fortasse
677 428 795 467 non
848 418 1028 485 putat.
1108 408 1315 484 Neque
1373 408 1530 465 enim
1582 407 1655 464 de
1707 405 1957 478 sicariis,

385 505 675 578 veneficis,
716 487 1177 577 testamentariiS,
1227 504 1466 575 furibus,
1508 502 1958 580 peculatoribus,

386 605 498 660 hoc
536 604 669 661 loco
710 603 1106 660 disserendum
1146 611 1233 659 est
1249 622 1263 672 3
1304 600 1404 677 qui
1443 620 1559 659 non
1595 600 1783 657 verbis
1823 609 1961 657 sunt

322 713 354 760 5
385 710 444 757 et
489 699 876 776 disputatione
921 699 1409 776 philosophorum,
1458 697 1560 755 sed
1607 697 1854 755 vinculis
1896 706 1963 755 et

385 814 640 867 earcere,
671 796 980 872 fatigandi:
1028 795 1130 864 sed
1171 795 1296 854 haee
1335 793 1786 867 consideremus,
1827 812 1961 868 quae

386 893 608 951 faciunt
636 893 696 963 ii,
727 892 824 967 qui
852 892 1135 949 habentur
1162 891 1326 949 boni.-

465 988 647 1054 Lucii¹
677 987 926 1046 Minucii
965 987 1167 1060 Basili,
1195 986 1501 1063 locupletis
1538 985 1809 1058 hominis,
1831 971 1835 974 ’
1854 985 1963 1044 fal-

387 1103 513 1143 sum
566 1095 970 1144 testamentum
1037 1084 1290 1160 quidam‘
1323 1102 1358 1141 e
1409 1084 1639 1142 Graeeifi
1703 1082 1962 1141 Romam

294 1195 357 1244 10
391 1183 732 1241 attulerunt:
779 1181 933 1257 quod
973 1199 1100 1257 quo·
1129 1174 1374 1239 facilius⁴
1396 1180 1740 1250 obtinerent,
1781 1179 1965 1256 serip-

388 1289 590 1350 serant⁷
619 1277 874 1335 haeredes
914 1296 1109 1336 secum
1153 1275 1236 1336 M.
1279 1277 1551 1334 Crassum
1592 1286 1654 1333 et
1688 1276 1769 1339 Q.
1809 1275 1964 1333 Hor·

388 1373 655 1445 tensium,
684 1373 959 1442 homines·
985 1373 1241 1450 ejusdem
1257 1395 1262 1402 ¹
1278 1372 1462 1430 aetatis
1496 1371 1959 1448 potentissimos3

387 1470 506 1545 qui,
557 1489 687 1528 cum
737 1471 877 1529 illud
924 1469 1127 1528 falsum
1176 1475 1314 1527 esse*
1355 1469 1800 1546 suspicarentur,
1848 1467 1962 1526 sibi

390 1576 580 1625 autem
621 1567 835 1648 nullius
874 1577 1066 1628 essent
1108 1565 1332 1624 conscii
1372 1565 1579 1642 eulpae,
1610 1566 1781 1623 alieni
1823 1565 1963 1624 saei·

297 1681 357 1730 15
387 1663 546 1727 noris
600 1663 1001 1722 munusculum
1056 1681 1175 1720 non
1232 1661 1691 1737 repudiaverunt.
1792 1661 1964 1740 Quid

387 1761 568 1837 ergo'l
621 1760 786 1818 satin'
828 1757 943 1822 h'oc
984 1770 1089 1832 est,
1128 1768 1192 1816 ut
1231 1778 1343 1819 non
1384 1758 1693 1833 deliquisse
1732 1744 1965 1815 videan-

387 1857 520 1914 tur?
627 1855 777 1916 Mihi
843 1856 1074 1932 quidem
1136 1874 1255 1913 non
1307 1854 1564 1922 videtum
1632 1872 1962 1934 quanquam

392 1954 632 2011 alterum
663 1954 844 2011 amavi
872 1953 1080 2024 vivum,
1115 1952 1353 2010 alterum
1379 1970 1498 2014 non
1527 1950 1622 2008 odi
1654 1961 1961 2008 mortuum.

392 2050 509 2108 Sed
566 2068 699 2108 cum
752 2048 979 2107 Basilus
1033 2046 1115 2105 M.
1168 2048 1442 2118 Satrium,
1491 2047 1704 2105 sororis
1756 2047 1960 2118 filium,

296 2167 360 2215 20
391 2164 602 2203 nomen
656 2162 824 2204 suum
878 2144 1027 2201 serre
1078 2144 1372 2215 voluisset,
1425 2159 1670 2219 eumque
1730 2143 1962 2202 fecisset

376 2242 694 2312 haeredem,
725 2247 763 2274 “
784 2241 962 2299 Hunc
1003 2240 1138 2308 dieo
1173 2251 1476 2317 patronum
1501 2240 1636 2317 ,agri
1674 2239 1875 2297 Piceni
1902 2249 1963 2298 et

392 2337 651 2408 Sabini,''
698 2336 763 2414 (o
802 2348 1027 2416 turpem
1066 2347 1261 2394 notam
1302 2347 1622 2412 temporum
1665 2336 1959 2414 illoruml)

391 2452 528 2491 num
557 2443 679 2490 erat
708 2453 950 2508 aequum,
974 2433 1268 2509 principes
1296 2433 1449 2490 cives
1476 2451 1596 2489 rem
1626 2432 1858 2503 habere,
1890 2431 1961 2490 ad

393 2530 646 2588 Satrium
687 2523 852 2600 nihil,
892 2539 1097 2605 praeter
1144 2548 1377 2600 nomen,
1417 2529 1756 2605 pervenire?
1864 2528 1965 2586 Et·

298 2644 361 2695 25
393 2626 567 2697 enim,
619 2626 666 2684 si
716 2626 785 2697 is}
827 2626 925 2702 qui
970 2643 1089 2686 non
1138 2625 1393 2686 defendit
1440 2625 1727 2701 injuriam,
1777 2645 1963 2700 neque

393 2722 685 2799 propulsat
733 2740 767 2779 ι
810 2722 950 2792 suis,
998 2742 1133 2779 cum
1177 2732 1384 2798 potest,
1426 2722 1635 2798 injuste
1684 2720 1823 2779 facit
1866 2720 1963 2797 (ut

396 2821 452 2877 in
487 2819 674 2895 primo
709 2819 853 2876 libro
890 2819 1184 2899 disserui),
1213 2818 1397 2893 qualis
1435 2818 1732 2875 habendus
1769 2828 1856 2875 est
1894 2818 1960 2888 is,

393 2916 491 2992 qui
537 2934 653 2973 non
704 2914 877 2973 modo
923 2933 1040 2973 non
1081 2916 1324 2994 repellit,
1364 2915 1465 2972 sed
1511 2915 1685 2976 etiam
1735 2914 1964 2991 adjuvat
