2192 3517
290 171 403 232 106
953 178 1041 226 us
1082 177 1401 226 omens..
1764 176 1845 237 [ι.
1864 175 1963 223 m

343 327 722 404 -senatfisque
786 327 1077 386 fecerant:
1147 326 1465 402 eodemque
1527 334 1789 402 tempore
1853 324 1962 384 Ti.

377 424 709 497 Numicius,
753 424 836 487 Q.
887 424 1137 496 Maelius,
1184 424 1284 500 qui
1315 433 1461 490 ,tum
1505 422 1724 481 tribuni
1767 421 1967 499 plebis

379 531 562 594 erant,
609 522 770 598 quod
815 541 1014 580 eorum
1061 521 1406 580 auctoritate
1448 539 1564 597 pax
1609 530 1734 578 erat
1781 519 1962 590 facta,

380 618 560 676 dediti
611 628 765 689 sunt,
819 628 885 676 ut
936 636 1051 694 pax
1122 617 1470 678 Samnitium
1536 616 1960 693 repudiaretur.

316 727 348 775 5
379 705 573 791 Atque
640 715 809 792 hujus
874 714 1186 773 deditionis
1252 714 1375 790 ipse
1439 713 1789 785 Postumiae,
1856 712 1963 788 qui

378 813 712 885 deflebatur,
760 830 959 871 suasor
1005 821 1064 869 et
1113 820 1313 871 auctor
1367 810 1507 869 suit:
1573 810 1726 887 quod
1780 809 1962 881 idem,

379 910 573 970 multis
601 908 767 968 anuis
794 918 940 987 post,
969 907 1038 966 C.
1068 907 1412 978 Mancinus;
1456 907 1575 983 qui,
1602 916 1668 964 ut
1692 906 1755 964 Ν
1758 925 1965 964 uman-

379 1005 537 1078 tinis,
567 1005 909 1081 quibuscum
949 1005 1074 1062 sine
1112 1004 1351 1063 senatus
1391 1003 1729 1063 auctoritate
1768 1002 1965 1060 foedus

382 1102 617 1175 fecerat,
645 1102 971 1172 dederetur,
1000 1101 1361 1179 rogationem
1400 1100 1580 1159 suasit
1605 1118 1757 1172 eam,
1780 1117 1961 1176 quam

289 1208 349 1266 10
380 1199 448 1260 L.
480 1198 690 1260 Furius
717 1209 774 1257 et
802 1199 863 1256 S.
892 1198 1109 1260 Atilius
1145 1217 1219 1256 ex
1253 1198 1773 1258 senatus-consulto
1814 1198 1963 1257 sere-

381 1296 552 1353 bant:
605 1295 722 1370 qud
763 1295 1030 1371 accepta,
1064 1304 1171 1354 est.
1191 1295 1463 1356 hostibus·
1492 1295 1737 1356 deditus.
1836 1295 1963 1355 Ho-

378 1391 599 1452 nestius
650 1392 768 1465 hic,
809 1411 984 1469 quam
1017 1392 1100 1455 Q.
1142 1391 1472 1468 Pompeiae,
1514 1411 1628 1468 quo
1682 1390 1847 1469 (cum
1895 1392 1960 1451 in

269 1515 276 1522 ’
378 1487 585 1544 effidem
626 1488 804 1546 causa
845 1489 1022 1569 esset)
1057 1488 1424 1563 deprecante,
1455 1497 1692 1565 accepta
1716 1488 1810 1546 lex
1835 1506 1959 1546 non

379 1593 492 1644 est..
567 1583 687 1643 Hic
717 1604 805 1657 ea,
834 1604 958 1662 quae
988 1584 1286 1642 videbatur
1324 1584 1562 1657 utilitas,
1588 1585 1717 1661 plus
1757 1583 1957 1657 valuit,

287 1684 348 1733 15
380 1700 551 1758 quam
592 1681 896 1740 honestas:
953 1681 1103 1757 apud
1143 1681 1487 1756 superiores,
1529 1681 1792 1740 utilitatis
1832 1700 1960 1759 spe-

382 1778 503 1837 cies
543 1778 689 1837 falsa
727 1778 800 1837 ab
839 1777 1157 1837 honestatis
1192 1778 1529 1838 auctoritate
1554 1788 1824 1854 superata
1849 1789 1961 1838 est.

403 1925 410 1934 ,
458 1871 542 1933 At
580 1894 699 1933 non
736 1873 937 1933 debuit
975 1884 1160 1933 ratum
1216 1892 1363 1947 esse,
1405 1874 1556 1949 quod
1597 1884 1721 1933 erat
1761 1885 1957 1933 actum

379 1990 478 2048 per
519 1972 652 2031 vim.
732 1970 925 2033 Quasi
966 1987 1102 2028 vero
1144 1970 1277 2029 forti
1304 1971 1429 2029 viro
1454 1970 1543 2029 vis
1577 1971 1757 2047 possit
1798 1972 1961 2030 adhi-

384 2067 521 2126 beri.
629 2067 750 2125 Cur
803 2065 977 2143 igitur
1023 2068 1096 2124 ad
1145 2067 1410 2125 senatum
1459 2068 1956 2144 proficiscebatur,

285 2170 349 2220 20
382 2183 515 2222 cum
568 2164 881 2242 praesertim
933 2165 1006 2223 de
1053 2163 1297 2240 captivis
1348 2164 1711 2224 dissuasurus
1762 2169 1959 2226 esset?

377 2260 560 2322 Quod
624 2260 945 2322 maximum·
1003 2260 1064 2318 in
1122 2279 1197 2320 eo
1238 2271 1351 2333 est,
1406 2261 1463 2319 id
1520 2262 1955 2338 reprehenditis.

380 2355 520 2414 Nou
592 2357 749 2415 enim
820 2376 925 2415 suo
990 2356 1217 2435 judicio
1289 2358 1465 2430 stetit,
1533 2358 1639 2415 sed·
1701 2359 1997 2435 suscepit·

380 2471 636 2536 causam,
666 2462 730 2509 ut
756 2463 904 2510 esset
938 2452 1225 2529 judicium
1259 2453 1524 2524 senatfis3
1568 2454 1664 2511 cui
1693 2454 1804 2512 nisi
1832 2456 1957 2530 ipse

385 2558 584 2607 auctor
637 2548 857 2620 fuisset,
913 2549 1124 2626 captivi
1175 2551 1437 2625 profecto
1498 2550 1694 2609 Poenis
1744 2550 1956 2609 redditi

288 2650 352 2701 25
383 2655 589 2706 essent.
683 2643 775 2702 Ita
811 2643 1122 2703 incolumis
1162 2646 1223 2704 in
1261 2646 1448 2722 patrii
1488 2645 1754 2724 Regulus
1793 2647 1959 2704 resti·-

193 2725 200 2733 ⁸
382 2742 578 2802 tisset.
631 2741 786 2817 quod
827 2741 965 2817 quia
1013 2742 1214 2818 pat-rim
1256 2762 1372 2801 non
1413 2743 1554 2801 utile
1593 2744 1829 2819 putavit,
1871 2743 1959 2801 id·

384 2839 545 2898 circo
584 2838 695 2900 sibi
735 2837 1040 2916 honestum
1067 2848 1127 2896 et
1153 2839 1368 2896 sentire
1407 2839 1524 2912 illa,
1553 2839 1614 2897 e't
1649 2839 1788 2916 pati,
1832 2858 1952 2898 cre-

383 2934 547 2996 didit.
646 2934 822 3008 Nam,
863 2936 1016 3011 quod
1058 2934 1238 3008 aiunt,
1280 2936 1434 3012 quod
1474 2937 1637 2998 valde
1676 2936 1817 2996 utile
1854 2936 1955 3012 sit,

2136 233 2141 332 ἶ

2140 345 2143 412 }?

2142 451 2145 538 ί

2144 557 2147 652 1
