2192 3517
232 165 291 212 ι..
310 166 420 225 m]
812 166 901 212 m:
946 165 1237 213 omens.
1795 151 1904 212 191

227 313 389 377 Quis
427 315 555 373 haec
594 324 769 392 neget
809 333 936 373 esse
964 315 1169 373 utilia?
1208 311 1346 390 quid
1374 313 1618 375 censes?
1660 323 1816 390 mag-

230 410 439 469 nitudo
468 410 643 469 animi
671 425 730 469 et
757 410 1033 472 fortitudo
1058 421 1247 489 negat.
1765 439 1784 472 x

311 604 570 662 XXVII.
614 604 773 662 Num
816 604 1225 681 locupletiores
1262 604 1471 680 quaeris
1508 606 1814 666 auctores?

231 700 458 759 Harum
488 702 641 760 enim
671 712 757 759 est
784 702 1056 759 virtutum
1100 702 1410 778 proprium,
1438 701 1517 759 nil
1552 702 1815 760 extimes-

230 817 387 870 cere,
445 800 641 857 omnia
704 800 958 857 humana
1023 799 1353 875 despicere3
1425 798 1590 870 nihil,
1657 799 1813 874 quod
1840 803 1875 851 5

229 895 455 953 homini
525 896 791 953 accidere
858 895 1058 972 possit,
1112 891 1537 953 intolerandum
1590 905 1811 971 putare.

230 990 434 1068 Itaque
474 992 608 1067 quid
654 991 832 1054 fecit?
911 991 981 1052 In
1019 1005 1280 1050 senatum
1311 991 1499 1056 venit:
1533 975 1812 1051 inandata

229 1088 526 1165 exposuit:
607 1088 951 1146 sententiam
1024 1108 1104 1147 ne
1161 1089 1414 1160 diceret,
1489 1089 1808 1147 recusavit:

228 1185 504 1261 quamdiu
567 1185 939 1263 jurejurando
1006 1185 1257 1243 hostium
1323 1196 1637 1256 teneretur,
1690 1203 1814 1245 non

227 1299 355 1339 esse
396 1301 460 1338 se
498 1292 842 1340 senatorem.
927 1283 1122 1357 Atque
1165 1282 1306 1340 illud
1345 1283 1522 1365 etiam
1571 1282 1637 1359 (o
1677 1282 1815 1341 stul·
1841 1286 1904 1336 10

226 1387 349 1436 tum
382 1378 696 1449 hominem,
725 1379 933 1437 dixerit
973 1379 1276 1455 quispiam,
1304 1389 1360 1436 et
1396 1390 1811 1457 repugnantem

226 1474 462 1533 utilitati
505 1495 622 1533 suae
641 1477 686 1554 ἔ)
717 1475 878 1531 reddi
917 1475 1191 1551 captivos,
1222 1475 1451 1554 negavit
1478 1494 1606 1534 esse
1635 1477 1810 1536 utile:

226 1571 361 1630 illos
398 1572 553 1629 enim
598 1572 995 1629 adolescentes
1033 1580 1179 1644 esse,
1207 1585 1270 1628 et
1301 1573 1479 1630 bonos
1519 1572 1719 1644 duces,
1747 1591 1812 1631 se
1878 1561 1881 1565 Δ

220 1668 340 1745 jam
384 1668 713 1728 consectum
755 1678 1071 1726 senectute.
1156 1667 1340 1745 Cujus
1379 1687 1512 1750 cum
1542 1668 1814 1727 valuisset

227 1765 560 1837 auctoritas,
604 1764 816 1841 captivi
861 1764 1067 1822 retenti
1112 1775 1277 1823 sunt:
1336 1765 1456 1840 ipse
1511 1764 1813 1841 Carthagi·
1839 1774 1903 1824 1⁸

224 1879 359 1920 nem
402 1862 601 1933 rediit;
662 1859 848 1937 neque
888 1880 1022 1919 eum
1062 1862 1273 1919 caritas
1312 1861 1511 1937 patriae
1541 1860 1808 1934 retinuit,

224 1975 339 2015 nec
379 1977 631 2016 suorum.
716 1958 927 2033 Neque
956 1975 1090 2014 vero
1128 1968 1249 2015 tum
1293 1958 1614 2035 ignorabat,
1643 1977 1708 2015 se
1737 1959 1807 2016 ad

223 2053 687 2118 crudelissimum
732 2054 977 2126 hostem,
1004 2064 1065 2111 et
1094 2055 1166 2112 ad
1192 2054 1478 2130 exquisita
1501 2055 1805 2131 supplicia,

221 2151 547 2227 proficisci:
592 2152 693 2209 sed
729 2152 1132 2229 jusjurandum
1162 2151 1619 2210 conservandum
1645 2162 1810 2228 puta·
1841 2209 1844 2212 .

224 2248 338 2305 bat.
424 2247 627 2324 Itaque
656 2258 799 2319 tum,
830 2267 967 2306 cum
992 2247 1284 2326 vigilando
1324 2249 1657 2320 necabatur,
1685 2231 1810 2308 erat
1833 2258 1904 2316 m

224 2342 287 2401 in
329 2344 568 2403 meliore
607 2345 805 2416 causfi,
835 2364 1005 2420 quam
1035 2344 1084 2406 si
1114 2344 1266 2403 domi
1308 2363 1485 2402 senex
1527 2346 1807 2421 captivus,

220 2440 489 2517 perjurus
527 2441 868 2514 consulariS,
898 2440 1280 2498 remansisset.
1367 2440 1448 2497 At
1486 2441 1678 2513 stulte,
1709 2443 1808 2517 qui

222 2554 341 2595 non
387 2537 561 2595 modo
605 2558 719 2596 non
771 2537 1063 2596 censuerit
1112 2533 1368 2613 captivos
1410 2537 1808 2611 remittendos,-

221 2652 423 2692 verum
489 2635 662 2692 etiam
732 2634 1082 2692 dissuaserit.
1207 2633 1529 2695 Quomodo
1594 2634 1809 2694 stistte?

220 2729 498 2802 etiamne,
572 2732 621 2788 si
694 2731 1030 2807 reipublicae
1104 2731 1508 2789 conducebat?
1573 2715 1578 2719 .
1610 2730 1810 2788 Potest
1832 2746 1898 2797 25

224 2838 438 2899 nutem,
482 2826 634 2903 quod
676 2827 878 2887 inutile
921 2828 1274 2905 reipublicoe.
1298 2828 1393 2910 sit,
1434 2828 1495 2885 id
1535 2827 1807 2903 cuiquam
1837 2835 1850 2843 ‘

221 2922 341 2984 civi
367 2923 509 2984 utile
534 2925 701 2983 esse'l
