2192 3517
310 166 425 225 142
977 175 1064 221 Du
1108 173 1400 222 ommis.
1789 172 1870 235 [L.
1888 172 1981 220 111.

398 323 641 403 intelligi
679 309 872 397 debet,
914 322 1078 403 illum
1118 323 1331 383 mentis
1370 322 1705 402 agitatione,
1747 320 1983 381 investi-

396 420 740 500 gationeque
792 438 991 478 earum
1044 438 1240 477 rerum
1291 438 1435 496 quas
1480 417 1791 496 cogitando
1839 437 1982 477 con·

397 519 762 593 sequebatur,
817 535 930 575 nec
982 516 1235 575 otiosum
1293 534 1407 574 nec
1471 515 1660 574 solum
1726 534 1980 592 unquam

399 613 591 672 fuisse.
703 613 831 672 Nos
886 623 1099 686 autem,
1153 613 1252 691 qui
1306 631 1424 671 non
1477 621 1704 671 tantum
1755 611 1980 670 roboris

340 719 374 769 5
399 711 697 783 habemus,
739 721 803 769 ut
843 710 1199 789 cogitatione
1240 710 1419 769 tacita
1460 729 1495 767 a
1532 708 1841 768 solitudine
1883 709 1982 767 ab·

398 808 741 881 strahamur,
798 808 868 865 ad
935 807 1089 866 hanc
1155 807 1447 866 scribendi
1512 825 1744 884 operam
1805 824 1980 864 omne

399 906 650 965 studium
708 923 1018 982 curamque
1071 905 1477 964 convertimus.
1560 903 1764 981 Itaque
1812 903 1980 981 plura

400 1003 558 1060 brevi
599 1014 875 1077 tempore,
903 1001 1125 1074 eversa,
1153 1020 1326 1078 quam
1355 997 1548 1059 inultis
1576 1000 1761 1072 aunis,
1789 1010 1981 1058 stante

398 1097 716 1176 republica,
746 1096 1101 1174 scripsimus·

312 1310 374 1360 1⁰
475 1290 558 1349 ΙΙ.
614 1290 753 1363 Sed,
808 1310 940 1349 cum
995 1301 1120 1349 tota
1169 1290 1554 1368 philosophia,
1611 1290 1689 1348 mi
1743 1290 1977 1361 Cicero,

399 1387 675 1465 frugifera
714 1397 772 1445 et
812 1388 1127 1460 fructuosa,
1154 1407 1266 1446 nec
1302 1388 1422 1446 ulla
1444 1406 1578 1468 pars
1604 1387 1730 1464 ejus
1758 1386 1980 1445 inculta

400 1501 471 1541 ac
510 1483 738 1542 deserta
775 1484 849 1541 sit
866 1503 882 1554 3
923 1493 1047 1542 tum
1087 1482 1282 1541 nullus
1322 1482 1567 1542 feracior
1606 1482 1669 1542 in
1707 1482 1781 1541 ea
1813 1481 1979 1541 locus

398 1589 488 1638 est
525 1599 638 1638 nec
678 1580 929 1654 uberior,
957 1599 1131 1657 quam
1170 1580 1245 1638 de
1285 1579 1513 1654 officiis,
1544 1600 1579 1639 a
1603 1579 1814 1656 quibus
1841 1598 1979 1637 con·

399 1686 615 1736 stanter
656 1676 1010 1753 honesteque
1049 1673 1281 1735 vivendi
1333 1686 1623 1753 praecepta
1668 1676 1975 1735 ducuntur.

316 1778 378 1828 15
397 1772 623 1845 Quare,
663 1791 989 1850 quanquam
1039 1791 1089 1832 a·
1126 1772 1403 1850 Cratippo
1456 1761 1673 1843 nostro,
1713 1772 1978 1849 principe

398 1870 570 1947 hujus
609 1870 903 1929 memoriae
948 1869 1441 1948 philoeophorum,
1484 1869 1610 1928 haec
1649 1879 1708 1926 te
1750 1869 1979 1927 assidue

400 1967 599 2026 audire
630 1977 799 2041 atque
828 1966 1093 2042 accipere
1122 1966 1383 2037 confid03
1427 1976 1620 2025 tamen
1649 1965 1979 2023 conducere

400 2063 663 2133 arbitror,
691 2061 902 2119 talibus
945 2080 1112 2119 aures
1152 2071 1279 2119 tuas
1307 2062 1546 2121 vocibus
1587 2062 1844 2137 undique
1872 2057 1981 2120 cir?-

399 2176 740 2217 cumsonare
758 2178 773 2229 ;
832 2176 946 2215 nec
987 2176 1108 2229 eaS,
1157 2157 1207 2216 si
1253 2158 1377 2217 fieri
1422 2159 1623 2237 possit,
1668 2160 1980 2235 quidquam

312 2259 377 2310 20
401 2254 555 2314 aliud
605 2254 821 2314 audire.
900 2253 1083 2316 Quod
1136 2274 1271 2314 cum
1327 2256 1594 2314 omnibus
1636 2266 1723 2314 est
1766 2256 1982 2313 facien-

398 2350 556 2421 dum,
585 2350 683 2427 qui
725 2350 895 2410 vitam
939 2352 1241 2409 honestam
1284 2350 1508 2429 ingredi
1549 2351 1828 2429 cogitant,
1856 2361 1980 2409 tum

399 2446 553 2506 haud
594 2447 738 2521 scio,
769 2467 842 2505 an
882 2448 1104 2506 nemini
1143 2432 1355 2524 potius,
1384 2466 1553 2524 quam
1589 2447 1714 2506 tibi.
1799 2448 1984 2506 Susti-

399 2563 503 2602 nes
544 2543 698 2602 enim
739 2563 858 2603 non
897 2561 1131 2620 parvam
1172 2544 1659 2621 exspectationem
1689 2543 1982 2603 imitandae

401 2638 697 2698 industriae
737 2649 969 2712 nostrae,
999 2659 1267 2717 magnam
1310 2640 1614 2712 honorum,
1644 2640 1982 2699 nonnullam

312 2743 377 2793 25
401 2737 640 2795 fortasse
704 2736 972 2794 nominis.
1095 2736 1418 2813 Suscepisti
1491 2755 1639 2795 onus
1703 2747 1986 2813 praeterea

399 2852 572 2913 grave
611 2843 671 2891 et
711 2832 1071 2891 Athenarum
1100 2843 1160 2892 et
1187 2832 1480 2910 Cratippi3
1527 2834 1597 2892 ad
1639 2852 1784 2908 quos
1824 2852 1982 2906 cum,

400 2939 672 3007 tanquam
729 2930 799 2988 ad
854 2940 1238 2987 mercaturam
1292 2930 1574 2987 bonarum
1630 2930 1866 2998 artium,'
1903 2930 1984 2987 sis
