2192 3517
294 188 410 247 156
964 195 1051 244 DE
1095 196 1389 246 omens.
1782 197 1861 257 [L.
1882 197 1976 244 ιιι.

379 346 659 410 utrumvis
687 346 826 405 satis
853 357 973 418 est;
1017 356 1076 405 et
1105 356 1227 405 tum
1255 347 1388 419 hoc,
1418 356 1542 405 tum
1571 346 1733 415 illud,
1761 347 1976 423 proba·

381 445 555 502 bilius
583 444 828 516 videtur,
859 464 971 503 nec
997 426 1279 521 praeterea
1306 444 1617 520 quidquam
1644 445 1968 521 probabile.

452 544 556 600 ·Ao
582 542 831 618 primum
859 542 1154 600 Panaetius
1181 541 1241 600 in
1270 525 1389 599 hoe
1427 537 1827 599 defendendus
1857 554 1968 615 est,

381 639 536 715 quod
563 658 682 697 non
712 638 876 700 utilia
903 656 1038 696 eum
1067 638 1327 696 honestis
1365 655 1623 715 pugnare
1663 638 1973 714 aliquando

322 745 356 794 5
381 756 551 815 posse
591 737 801 796 dixerit
844 735 1059 815 (neque
1100 736 1257 794 enim
1298 736 1355 793 ei
1396 736 1481 794 fas
1521 737 1695 817 erat),
1729 737 1832 794 sed
1874 756 1968 809 ea,

382 854 509 910 quae
550 835 880 892 viderentur
918 832 1102 890 utilia.
1196 831 1363 890 Nihil
1419 851 1554 891 vero
1599 833 1768 907 utile,
1810 835 1976 909 quod

382 950 501 996 non
544 917 696 989 idem
739 931 1076 1000 honestum3
1122 929 1266 988 nihil
1308 930 1634 1003 honestum,
1663 931 1813 1007 quod
1847 950 1970 989 non

384 1029 537 1088 idem
590 1028 732 1090 utile
780 1027 873 1098 sit,
916 1046 1068 1103 soepe
1108 1036 1350 1086 testatur
1372 1047 1385 1086 :
1407 1041 1418 1056 “
1442 1037 1748 1105 negatque,
1791 1029 1970 1087 ullam

382 1138 603 1204 pestem
658 1124 933 1201 majorem
984 1125 1045 1182 in
1084 1125 1264 1186 vitam
1313 1124 1614 1183 hominum
1670 1126 1969 1199 invasisse,

294 1234 357 1284 10
384 1241 557 1299 quam
610 1240 811 1280 eorum
864 1222 1196 1298 opinionem
1264 1222 1362 1298 qui
1416 1222 1528 1280 ista
1581 1222 1969 1281 distraxerint.

384 1320 588 1395 Itaque
629 1337 769 1392 non,
812 1330 878 1376 ut
921 1319 1232 1395 aliquando
1281 1330 1758 1397 anteponeremus
1806 1321 1974 1380 utilia

385 1416 662 1489 honestis,
705 1415 807 1476 sed
856 1427 921 1476 ut
966 1435 1039 1475 ea
1082 1417 1212 1476 sine
1258 1436 1452 1476 errore
1499 1417 1971 1494 dijudicaremuS,

385 1514 434 1571 si
475 1514 708 1589 quando
750 1503 1109 1585 incidissent,
1153 1513 1379 1572 induxit
1419 1531 1568 1586 eam,
1598 1531 1725 1590 quae
1753 1514 1975 1572 videre·

382 1621 477 1674 tur
519 1631 667 1684 esse,
710 1630 828 1669 non
870 1630 997 1689 quae
1039 1621 1210 1683 esset,
1251 1611 1714 1689 repugnantiam:
1797 1612 1973 1670 Hanc

294 1717 357 1767 15
386 1710 562 1788 igitur
588 1703 836 1787 'partem
889 1709 1151 1767 relictam
1201 1708 1580 1785 explebimuS‚
1619 1709 1834 1768 nullius
1879 1710 1976 1768 ad-

385 1808 700 1880 minieuIiS‚
730 1808 831 1866 sed
858 1807 951 1885 (ut
979 1807 1220 1887 dieitur)
1245 1804 1435 1864 Marte
1463 1817 1677 1864 nostro,
1759 1806 1973 1883 Neque

385 1906 547 1963 enim
598 1905 908 1983 quidquam
953 1905 1026 1961 de
1067 1905 1179 1962 hae
1231 1914 1414 1980 parte,
1454 1914 1586 1982 post
1627 1904 1972 1976 Panaetium,

386 2002 735 2077 explicatum
778 2011 885 2073 est,
928 2001 1080 2076 quod
1135 2000 1366 2077 quidem
1414 2000 1556 2060 mihi
1608 2002 1972 2077 probaretur,

387 2098 461 2155 de
489 2098 560 2156 iis
587 2117 713 2173 quae
744 2098 802 2155 in
831 2115 1037 2155 manus
1065 2115 1225 2154 meas
1250 2108 1548 2155 venerunt.

294 2297 359 2347 m
467 2289 633 2349 VIII.
694 2291 848 2348 Cum
916 2291 1090 2369 igitur
1162 2291 1353 2367 aliqua
1416 2292 1641 2368 species
1708 2293 1976 2351 utilitatis

384 2388 613 2465 objecta
653 2397 760 2460 est,
804 2389 1153 2448 commoveri
1208 2408 1450 2447 neeesse
1502 2400 1604 2447 est.
1718 2391 1833 2452 Sed
1900 2390 1971 2463 si,

386 2504 522 2543 eum
592 2468 848 2546 animum
917 2485 1251 2557 attenderis,
1305 2486 1719 2562 turpitudinem
1775 2488 1975 2546 videas

389 2582 719 2659 adjunctam
747 2581 803 2639 ei
830 2582 916 2639 rei
944 2595 1069 2657 quae
1099 2583 1352 2659 speeiem
1390 2583 1654 2641 utilitatis
1684 2585 1971 2644 attulerit:

385 2690 511 2737 tum
549 2697 669 2737 non
710 2678 928 2737 utilitas
967 2679 1348 2755 relinquenda
1374 2690 1482 2752 est,
1512 2682 1613 2739 sed
1654 2681 1976 2758 intelligen-

295 2779 362 2833 ἦ
388 2777 548 2849 dum,
590 2776 691 2834 ubi
730 2776 1026 2852 turpitudo
1046 2777 1159 2849 sit,
1203 2777 1284 2835 ibi
1324 2777 1629 2836 utilitatem
1674 2797 1800 2834 esse
1853 2797 1975 2837 non

385 2892 574 2951 posse.
652 2872 837 2935 Quod
878 2873 929 2933 si
968 2874 1114 2931 nihil
1156 2884 1244 2930 est
1281 2883 1398 2931 tam
1442 2884 1647 2932 eontra
1685 2884 1973 2948 naturam,

388 2990 562 3047 quam
615 2969 910 3049 turpitudo
966 2970 1156 3050 (recta
1206 2970 1387 3046 enim,
1434 2983 1494 3030 et
1544 2971 1974 3047 convenientia,
