2192 3517
161 228 217 273 ι.
241 224 302 284 ι.]
769 219 857 267 m:
894 220 1189 268 ort-Icus
1629 181 1636 190 ’
1659 247 1670 262 .
1755 206 1850 270 39-

155 380 281 427 tum
311 389 440 428 esse
466 378 674 446 potest,
703 369 858 445 quod
879 370 1105 448 justitia
1131 381 1312 429 vacet.
1391 369 1741 429 Praeclarum

158 467 340 544 igitur
407 466 668 526 Platonis
733 466 907 525 illud:
979 467 1175 525 “Non
1228 468 1471 540 solum,”
1528 467 1740 543 inquit,

155 575 198 601 ²⁶
225 563 493 636 scientia,
539 583 664 639 quae
708 575 796 621 est
837 573 1060 622 remota
1104 584 1138 621 a
1176 564 1417 642 justitia,
1454 563 1739 623 calliditas

155 659 355 736 potius
408 678 579 735 quam
632 660 915 736 sapientia
966 670 1054 717 est
1109 659 1480 736 appellanda;
1540 679 1738 719 verum

155 757 335 813 etiam
381 756 605 814 animus
639 767 874 832 paratus
903 757 972 815 ad
990 756 1343 844 periculum,
1373 755 1422 815 si
1449 757 1555 816 sua
1582 758 1739 834 cupi-
1767 761 1801 809 5
1855 803 1868 822 .

156 853 360 924 ditate,
390 872 508 910 non
537 853 782 911 utilitate
805 853 1099 912 communi
1122 853 1450 930 impellitur,
1484 854 1739 913 audaciai

156 949 352 1024 potius
379 967 591 1007 nomen
618 950 846 1022 habeat,
869 969 1040 1026 quam
1069 950 1480 1009 fortitudinis.”
1537 948 1738 1026 Itaque

158 1047 314 1103 viros
342 1046 534 1119 fortes,
563 1047 980 1125 magnanimos,
1008 1048 1244 1105 eosdem
1285 1048 1470 1105 bonos
1507 1057 1567 1106 et
1607 1046 1741 1105 sim-

157 1142 362 1218 plices,
393 1142 649 1202 veritatis
679 1144 916 1216 amicos,
946 1144 1298 1220 minimeque
1325 1144 1581 1216 fallaces,
1610 1163 1739 1203 esse

157 1239 457 1298 volumus:
500 1259 628 1316 quae
655 1250 788 1300 sunt
814 1259 886 1298 ex
911 1241 1103 1299 media
1131 1241 1303 1299 laude
1323 1240 1577 1318 justitiae.
1768 1247 1838 1298 10

240 1336 360 1393 Sed
399 1336 540 1395 illud
581 1337 849 1397 odiosum
890 1348 997 1410 est,
1027 1338 1201 1414 quod,
1236 1338 1297 1398 in
1337 1339 1449 1397 hac
1488 1339 1737 1399 elatione

156 1443 218 1490 et
272 1432 673 1510 magnitudine
728 1433 924 1507 animi,
979 1434 1254 1494 facillime
1304 1436 1629 1512 pertinacia
1678 1447 1739 1495 et

157 1529 343 1587 nimia
370 1530 653 1606 cupiditas
678 1530 1034 1608 principatus
1062 1531 1397 1592 innascitur.
1478 1532 1559 1592 Ut
1580 1533 1738 1591 enim

159 1624 313 1701 apud
341 1624 639 1684 Platonem
666 1636 772 1698 est,
799 1645 1033 1686 emnem
1065 1624 1341 1709 [morem]
1373 1627 1739 1687 Lacedaemo-

157 1722 386 1781 niorum
427 1722 840 1790 inflammatum
895 1742 1027 1781 esse
1069 1723 1387 1799 cupiditate
1426 1723 1697 1783 vincendi
1720 1744 1748 1795 ς·
1768 1737 1830 1786 15

157 1820 267 1890 sic,
309 1829 374 1877 ut
414 1818 654 1895 quisque
696 1818 874 1878 animi
919 1819 1320 1897 magnitudine
1358 1820 1606 1879 maxime
1643 1839 1739 1878 ex-

143 1915 340 1987 ·eellit,
386 1915 469 1974 ita
513 1915 761 1975 maxime
813 1916 936 1974 vult
984 1915 1258 1992 princeps
1307 1916 1592 1988 omnium,
1648 1916 1738 1976 vel

157 2013 353 2088 potius
374 2013 548 2085 solus,
570 2032 717 2072 esse.
795 2013 1050 2072 Difficile
1080 2023 1272 2071 autem
1300 2024 1407 2086 est,
1437 2033 1572 2073 cum
1597 2023 1740 2091 prae-

157 2120 311 2167 stare
366 2109 635 2167 omnibus
682 2109 1064 2187 concupieriS,
1092 2130 1342 2169 servare
1388 2112 1737 2188 aequitatem,

157 2225 287 2280 quae
316 2215 407 2263 est
435 2205 671 2282 justitiae
700 2207 948 2264 maxime
972 2207 1222 2283 propria.
1305 2206 1396 2265 Ex
1411 2227 1537 2284 ‘quo
1564 2209 1647 2282 fit,
1674 2221 1740 2269 ut
1765 2210 1831 2261 2⁰

159 2319 348 2377 neque
377 2302 792 2379 disceptatione
818 2303 973 2361 vinci
1005 2322 1088 2376 se,
1117 2293 1230 2361 nec
1258 2304 1377 2363 ullo
1402 2304 1640 2380 publico
1669 2326 1738 2365 ac
1841 2319 1848 2328 ·

158 2399 423 2476 legitimo
458 2399 608 2476 jure,
634 2400 960 2476 patiantur:
1001 2400 1398 2477 exsistuntque
1437 2402 1497 2460 in
1534 2404 1741 2480 repub-

158 2497 277 2556 lica
322 2495 661 2572 plerumque
713 2497 1015 2575 largitores
1065 2507 1125 2555 et
1179 2498 1427 2571 factiosi,
1481 2509 1546 2557 ut
1600 2519 1742 2578 opes

155 2611 332 2667 quam
383 2593 662 2651 maximas
706 2604 1145 2670 consequantur,
1190 2606 1250 2655 et
1292 2595 1408 2654 sint
1449 2596 1503 2654 vi
1546 2598 1740 2673 potius

158 2689 509 2763 superiores;
537 2709 706 2766 quam
743 2691 967 2768 justitia
1005 2710 1190 2767 pares.
1273 2692 1411 2763 Sed,
1444 2713 1558 2769 quo
1598 2691 1741 2751 diffi-
1769 2691 1833 2741 25

158 2787 354 2858 cilius,
385 2787 499 2845 hoc
539 2788 902 2862 praeclarius:
944 2788 1168 2846 nullum
1196 2799 1283 2847 est
1312 2790 1465 2847 enirn
1493 2800 1740 2865 tempus,

157 2883 313 2960 quod
336 2882 562 2960 justitia
588 2902 796 2943 vacare
823 2886 1046 2944 debeat.

245 2979 455 3039 Fortes
483 2979 655 3059 igitur
681 2991 740 3040 et
767 2983 1121 3060 magnanimi
1150 2993 1284 3042 sunt
1310 2982 1580 3056 habendi,
1601 3000 1741 3057 non,
