2192 3517
184 219 240 265 L.
260 215 321 277 1.]
762 211 850 258 DE
887 207 1178 258 omens.
1770 197 1837 256 11

178 359 371 417 officio
399 359 592 417 futura
618 370 725 430 est,
756 370 889 417 ante
915 359 1177 431 definire,
1197 357 1337 435 quid
1363 357 1442 415 sit
1463 356 1750 426 officium3

180 457 333 530 quod
358 475 390 513 a
418 455 676 513 Panaetio
698 456 1142 532 praetermissum
1164 473 1291 512 esse
1311 454 1484 512 miror
1509 474 1522 510 ι
1565 453 1754 511 omnis

180 552 356 623 enim,
384 571 510 628 quae
556 570 589 609 a
628 551 853 610 ratione
893 541 1206 627 suscipitur
1238 551 1314 608 de
1341 550 1531 626 aliqui
1556 568 1640 621 re,
1670 550 1755 607 in-

179 649 420 719 stituti0‚
474 649 645 706 debet
689 667 725 706 a
753 647 1090 706 definitione
1127 645 1420 723 proficisci
1442 667 1458 717 ;
1500 656 1564 704 ut
1591 646 1755 705 intel·

179 743 408 820 ligatur,
436 744 574 820 quid
600 744 676 801 sit
702 743 782 816 id,
810 743 885 800 de
912 761 1029 819 quo
1056 743 1396 819 disputetur.
1781 747 1815 800 5

255 936 364 995 111.
419 936 630 995 Omnis
680 937 755 995 de
809 936 1002 995 officio
1067 936 1281 1013 duplex
1345 947 1433 996 est
1498 939 1751 1013 queastio,

176 1033 371 1092 Unum
411 1037 594 1111 genus
635 1045 742 1106 est,
772 1035 927 1110 quod
965 1034 1212 1111 pertinet
1253 1034 1325 1092 ad
1366 1034 1539 1093 finem
1582 1035 1758 1092 bono-

175 1150 335 1200 rum;
397 1130 658 1202 alterum,
701 1132 854 1207 quod
900 1130 1151 1207 positum
1190 1140 1280 1189 est
1325 1131 1387 1189 in
1428 1130 1751 1207 praeeeptis,

173 1227 385 1303 quibus
429 1227 489 1284 in
543 1245 745 1284 omnes
796 1237 986 1304 partes
1039 1246 1180 1285 usus
1225 1228 1354 1288 vitae
1403 1227 1752 1294 conformari

172 1324 371 1401 possit.
456 1316 783 1398 Superioris
837 1325 1066 1400 generis
1121 1324 1447 1401 hujusmodi
1493 1322 1753 1399 exempla
1782 1326 1845 1378 10

173 1431 341 1478 sunt:
385 1418 677 1477 Omniane
716 1420 907 1478 offieia
945 1420 1208 1497 perfecta·
1240 1421 1394 1480 sint?
1434 1439 1573 1479 num
1600 1421 1751 1496 quod

172 1516 431 1574 officium
455 1516 610 1574 aliud
634 1517 747 1576 alio
767 1518 952 1594 majus
979 1517 1095 1576 sit?
1137 1527 1197 1575 et
1217 1536 1344 1593 quae
1371 1527 1504 1575 sunt
1523 1517 1753 1595 generis

171 1614 448 1690 ejusdem.
528 1613 799 1675 Quorum
854 1625 1043 1688 autem
1101 1614 1419 1672 officiorum
1463 1613 1754 1691 praecepta

171 1711 497 1782 traduntur,
525 1729 597 1768 ea
635 1727 960 1792 quanquam
1005 1711 1297 1786 pertinent
1338 1710 1410 1768 ad
1450 1711 1624 1767 finem
1653 1710 1756 1767 bo·

170 1825 402 1879 norum,
431 1818 623 1865 tamen
669 1807 727 1864 id
768 1806 958 1863 minus
1003 1816 1255 1881 apparet,
1285 1805 1421 1881 quia
1460 1796 1643 1881 magis
1680 1806 1751 1863 ad
1782 1815 1867 1865 15Α

173 1904 594 1962 institutionem
623 1904 754 1961 vitae
783 1903 1111 1962 eommunis
1151 1913 1413 1978 spectare
1452 1901 1749 1961 videntur:

171 2000 246 2058 de
271 2000 482 2076 quibus
509 2010 596 2057 est
621 2001 792 2058 nobis
818 1999 910 2057 his
936 1999 1101 2057 libris
1126 1999 1550 2075 explicandum.

250 2097 448 2172 Atque
475 2096 647 2154 etiam
679 2096 792 2154 alia
811 2096 1017 2154 divisio
1035 2106 1125 2153 est
1144 2095 1353 2174 offleii:
1388 2110 1521 2153 nam
1549 2106 1608 2153 et
1635 2114 1751 2153 me-

171 2193 329 2250 dium
379 2193 665 2268 quoddam
719 2193 971 2251 offieiu'm
1019 2191 1253 2263 dieitur,
1297 2202 1357 2250 et
1408 2192 1745 2269 perfeetum.

170 2289 502 2347 Perfectum
554 2288 828 2360 officium,
883 2298 1128 2360 rectum,
1181 2288 1403 2366 opinor,
1458 2307 1747 2361 vocemus,
1776 2293 1841 2342 20
1927 2315 1932 2324 ›

167 2386 320 2461 quod
376 2383 570 2442 Graeei
619 2384 982 2457 Κατόρθωμα,
1025 2384 1142 2441 hoe
1196 2395 1388 2442 autem
1441 2402 1747 2443 commune

167 2481 436 2553 Καθήᾳον
493 2490 719 2540 vocant.
802 2465 997 2557 Atque
1048 2499 1121 2538 ea
1172 2481 1259 2538 sie
1313 2481 1612 2554 definiunt,
1662 2491 1745 2552 ut,

166 2588 391 2636 rectum
421 2578 574 2653 quod
596 2577 702 2649 sit,
733 2576 790 2634 id
831 2577 1149 2655 perfeetum
1191 2577 1443 2636 officium
1485 2596 1612 2636 esse
1652 2578 1749 2634 de-

166 2673 406 2742 finiant;
449 2672 704 2730 medium
737 2683 927 2730 autem
969 2674 1224 2732 officium
1270 2673 1329 2731 id
1372 2693 1498 2732 esse
1526 2674 1743 2742 dicant,

165 2770 317 2846 quod
350 2788 454 2826 cur
484 2768 702 2826 factum
728 2768 823 2839 sit,
850 2768 998 2827 ratio
1025 2768 1338 2844 probabilis
1359 2769 1520 2827 reddi
1550 2768 1743 2844 possit.
1774 2771 1837 2820 25

241 2864 491 2941 Triplex
516 2863 693 2941 igitur
720 2873 826 2936 est,
856 2874 920 2921 ut
960 2863 1217 2922 Panaetio
1243 2863 1487 2935 videtur,
1517 2862 1745 2921 consilii

164 2961 436 3040 capiendi
480 2959 852 3019 deliberatio:
894 2979 1050 3035 nam,
1079 2961 1459 3018 honestumne
1488 2959 1644 3017 factu
1671 2958 1746 3019 sit
