2192 3517
208 202 266 250 ι..
289 203 352 263 1.]
799 199 888 246 ΒΕ
930 199 1225 248 omens.
1847 189 1891 250 9

216 356 523 420 utrumque
552 356 709 406 certe
735 347 925 408 secuti
949 367 1168 408 sumus.
1254 345 1546 423 Equidem
1571 357 1632 406 et
1669 345 1802 406 Pla-

212 454 409 501 tonem
438 443 726 516 existimO,
750 445 799 502 si
826 463 1011 521 genus
1033 445 1263 504 forense
1284 444 1522 503 dicendi
1548 454 1800 503 tractare

213 540 510 612 voluisset,
538 541 874 617 gravissime
914 552 974 599 et
1009 541 1403 617 copiosissime
1429 540 1687 618 potuisse
1715 540 1800 599 di-

208 656 385 708 cere3
443 647 501 694 et
540 638 1018 709 Demosthenem,
1060 638 1111 696 si
1153 633 1272 709 illa,
1314 657 1439 713 quae
1481 657 1518 696 a
1554 636 1799 696 Platone

210 734 516 805 didicerat,
557 734 859 806 tenuisset,
884 745 945 792 et
983 733 1360 810 pronuntiare
1386 734 1680 806 voluisset,
1704 753 1798 792 or·
1825 745 1859 797 5

120 881 129 888 .
211 841 348 890 nate
403 830 815 907 splendideque
871 831 1064 889 facere
1102 830 1377 907 potuisse
1461 829 1798 906 Eodemque

212 928 389 984 modo
416 927 492 983 de
531 926 847 985 Asistooele
873 936 940 985 et
972 926 1234 984 Isocrate
1269 926 1476 1003 judico
1495 945 1510 997 ;
1529 946 1797 1002 -quorum

212 1034 473 1098 uterque,
517 1041 624 1081 suo
682 1023 876 1081 studio
932 1023 1274 1095 delectatus,
1313 1022 1667 1099 contempsit
1720 1023 1800 1084 al-

210 1130 416 1178 tetum.

282 1313 366 1372 H.
410 1314 553 1385 Sed,
581 1333 715 1371 cum
757 1312 1086 1372 statuissem
1129 1313 1347 1390 aliquid
1387 1314 1502 1372 hoc
1537 1324 1793 1391 tempore
1826 1314 1888 1365 1⁰

210 1410 282 1469 ad
331 1420 391 1468 te
435 1410 709 1483 scribere,
757 1421 817 1468 et
858 1410 1040 1470 multa
1078 1412 1345 1487 posthac,
1391 1405 1486 1469 ab'
1506 1429 1577 1470 eo
1614 1410 1795 1470 ordiri

209 1507 364 1565 volui
404 1507 674 1580 maxime,
715 1507 866 1583 quod
905 1517 966 1566 et
1005 1507 1163 1568 aetati
1209 1517 1325 1566 tuae
1365 1518 1520 1567 esset
1573 1506 1795 1585 aptissi-

208 1622 388 1677 mum,
418 1614 491 1662 et
505 1604 830 1663 auctoritati
856 1624 1018 1663 meae.
1100 1603 1280 1678 Nam,
1309 1623 1445 1666 cum
1473 1604 1654 1662 multa
1677 1604 1793 1667 siut

210 1700 271 1758 in
309 1693 692 1778 philosophis„
735 1711 794 1759 et
832 1701 1031 1777 gravia
1068 1710 1131 1759 et
1170 1700 1355 1772 utilia,
1385 1711 1655 1759 accurate
1696 1718 1796 1759 co-

206 1798 485 1874 pioseque
509 1817 543 1856 a
559 1797 911 1874 philosophis
931 1797 1258 1873 disputata;
1300 1796 1578 1853 latissime
1596 1805 1794 1871 patere
1825 1796 1886 1850 15

209 1893 475 1952 videntur
518 1913 612 1967 ea,
655 1911 783 1970 quae
829 1894 903 1952 de
944 1892 1157 1951 officiis
1198 1892 1409 1951 tradita
1455 1893 1528 1960 ab
1576 1892 1690 1949 illis
1735 1903 1794 1950 et

205 1983 498 2067 praecepta
542 1985 694 2050 sunt.
774 1990 958 2050 Nulla
1010 1990 1167 2048 enim
1216 1989 1348 2049 vitae
1394 2005 1553 2066 ¹pars,
1601 2008 1793 2066 neque

208 2087 460 2164 publicis
497 2106 688 2162 neque
725 2088 991 2164 privatis,·
1010 2105 1203 2162 neque
1243 2086 1569 2146 forensibus
1604 2106 1792 2163 neque

207 2184 543 2243 domesticis
571 2184 631 2244 in
657 2186 867 2255 rebus3
909 2202 1101 2260 neque
1143 2184 1192 2241 si
1234 2195 1429 2268 tecum
1468 2202 1605 2260 agas
1632 2185 1789 2260 quid,

209 2299 398 2355 neque
426 2280 476 2338 si
505 2293 640 2338 cum
671 2281 848 2339 altero
876 2282 1206 2352 contrahas,
1234 2299 1440 2353 vacase
1478 2281 1672 2338 officio
1696 2300 1794 2357 po-
1820 2284 1885 2333 20

207 2388 354 2435 test:
414 2378 474 2435 in
518 2395 703 2453 eoque
746 2377 993 2448 colendo
1045 2377 1158 2436 sita
1191 2377 1334 2435 vitae
1386 2387 1474 2434 est
1526 2377 1794 2436 honestas

206 2474 418 2545 omnis,
445 2484 506 2533 et
535 2473 594 2531 in
622 2473 973 2551 negligendo
999 2473 1315 2550 turpitudo,

287 2570 486 2645 Atque
524 2570 650 2628 haec
677 2570 908 2645 quidem
935 2569 1178 2646 quoestio
1206 2570 1533 2628 communis
1560 2580 1647 2627 est
1674 2588 1794 2626 om-

208 2666 369 2724 nium
410 2666 882 2742 philosophorum
902 2685 925 2724 z·
957 2665 1087 2741 quis
1127 2676 1215 2723 est
1254 2665 1431 2737 enim,
1469 2666 1588 2740 qui,
1617 2663 1792 2721 nullis

205 2762 386 2821 officii
412 2762 715 2838 praeceptis
735 2763 1051 2833 tradendiS‚
1071 2762 1472 2838 philosophum
1498 2780 1559 2819 se
1584 2760 1792 2819 audeat
1805 2770 1881 2818 «25

206 2859 448 2916 dicere?
491 2859 609 2916 Sed
637 2869 770 2916 sunt
796 2858 1091 2916 nonnullae
1121 2858 1462 2934 disciplinae,
1492 2876 1639 2933 quae,
1667 2876 1792 2932 pro-

206 2955 411 3033 positis
464 2955 746 3014 bonorum
800 2966 859 3013 et
913 2955 1192 3014 malorum
1247 2954 1478 3026 finibus,
1531 2952 1789 3012 officium
