2192 3517
193 224 251 271 L.
271 219 379 283 111]
524 293 525 296 Ἴ
769 221 856 270 ΒΕ
900 215 1192 270 orrrcns.
1748 203 1857 269 161

187 371 345 451 juria
394 372 516 444 fiat,
570 371 934 430 serviendum
987 381 1090 429 est.
1175 371 1337 429 Scite
1389 368 1767 448 Chrysippus,

192 480 260 528 ut
298 468 713 541 multa,·“Qui
752 468 1059 541 stadium,’'
1091 467 1296 543 inquit,
1326 473 1364 500 “
1384 467 1581 541 currit,
1623 465 1768 525 eniti

195 575 255 624 et
308 566 657 623 contendere
710 565 900 636 debet,
943 582 1113 639 quam
1167 564 1412 622 maxime
1464 563 1663 640 possit,
1704 571 1768 621 ut

195 662 424 720 vincat:
492 661 853 737 supplantare
917 679 1070 734 eum,
1127 660 1361 736 quicum
1416 669 1630 733 certets
1672 668 1768 718 aut

194 775 374 816 manu
415 757 718 834 depellere,
761 747 920 815 nullo
958 758 1134 815 modo
1174 756 1377 814 debet:
1427 757 1514 815 sic
1550 756 1612 814 in
1652 757 1768 815 vita
1794 763 1828 815 5

194 855 310 914 sibi
350 871 635 930 quemque
671 852 887 930 petere,
929 855 1079 930 quod
1125 854 1411 930 pertineat
1458 854 1529 912 ad
1578 871 1767 925 usum,

193 951 614 1028 non'iniquum
655 960 775 1010 est:
823 950 985 1008 alteri
1025 950 1306 1027 deripere,
1330 950 1425 1027 jus
1464 968 1583 1008 non
1624 950 1766 1008 est.’'

278 1046 534 1105 Maxime
575 1058 766 1106 autem
805 1048 1209 1124 perturbantur
1248 1047 1441 1105 officia
1476 1047 1537 1104 in
1576 1045 1770 1105 amici-

194 1143 327 1215 tiis;
377 1145 583 1220 quibus
622 1154 681 1202 et
719 1163 837 1202 non
880 1144 1133 1202 tribuere
1174 1143 1324 1220 quod
1365 1154 1525 1202 recte
1563 1143 1768 1220 possis,

196 1250 257 1299 et
282 1241 537 1299 tribuere
563 1241 717 1317 quod
744 1259 862 1299 non
891 1241 966 1299 sit
1001 1251 1481 1323 aequumncontra
1513 1240 1769 1298 officium
1799 1242 1861 1293 10

198 1348 302 1396 est.
412 1339 529 1395 Sed
585 1337 753 1414 hujus
805 1337 1034 1415 generis
1086 1338 1263 1395 totius
1295 1338 1487 1396 'breve
1539 1348 1598 1395 et
1649 1355 1769 1395 non

198 1434 436 1493 difficile
488 1444 835 1512 proeceptum
888 1444 990 1492 est.
1095 1434 1251 1496 Quae
1304 1434 1460 1492 enim
1504 1431 1770 1496 videntur

198 1531 384 1603 utilia,
414 1532 681 1603 honorosa,
714 1531 946 1599 divitiae,
973 1529 1311 1608 voluptates»,
1352 1541 1563 1589 caetera
1600 1549 1773 1608 gene-
1809 1543 1818 1552 ·

198 1629 279 1686 ris
306 1628 582 1705 ejusdem,
603 1628 730 1688 haec
759 1627 1024 1686 amicitiae
1051 1637 1344 1704 nunquam
1374 1628 1773 1703 anteponenda

199 1734 351 1783 sunt.
462 1725 544 1781 At
608 1742 793 1801 neque
845 1733 1046 1782 contra
1096 1723 1530 1799 rempublicam,
1584 1739 1772 1798 neque
1800 1725 1862 1775 15

200 1831 408 1880 contra
453 1820 851 1898 jusjurandum
894 1839 962 1879 ac
1001 1819 1194 1892 fidem,
1238 1819 1410 1877 amici
1450 1820 1646 1891 causa,
1686 1819 1772 1876 vir

200 1918 387 1976 bonus
427 1917 601 1975 faciet
617 1937 632 1988 ;
686 1935 763 1974 ne
802 1916 852 1974 si
890 1915 1075 1993 ‘judex
1116 1915 1346 1991 quidem
1385 1915 1495 1974 erit
1534 1914 1607 1972 de
1646 1915 1773 1990 ipso

203 2014 409 2072 amico:
492 2013 665 2071 Ponit
691 2013 847 2071 enim
873 2025 1179 2090 personam
1209 2012 1399 2084 amici,
1423 2030 1557 2070 cum
1585 2011 1772 2069 induit

196 2110 429 2188 judicis.
511 2110 767 2168 Tantum
809 2109 970 2168 dabit
1011 2109 1391 2181 micitiae,·ut
1417 2127 1605 2167 veram
1637 2108 1774 2166 ami·

203 2206 269 2288 ci·
303 2223 539 2265 causam
578 2224 705 2264 esse
743 2206 936 2264 malit:
993 2216 1067 2264 ut·
1097 2205 1327 2264 orandae
1369 2205 1488 2263 litis
1526 2215 1769 2282 tempus,
1798 2211 1862 2263 2⁰

202 2304 391 2380 quoad
426 2322 528 2380 per
554 2304 712 2381 leges
738 2303 933 2382 liceat,
964 2302 1377 2360 accommodet.
1460 2302 1610 2359 Cum
1640 2320 1775 2361 vero

198 2400 390 2477 jurato
433 2400 718 2458 sententia
760 2398 1009 2456 dicenda
1060 2398 1155 2469 eit,
1196 2398 1540 2471 meminerit,
1581 2398 1774 2456 Deum

203 2513 267 2554 ee
309 2495 581 2554 adhibere
619 2504 844 2566 testem,
874 2494 933 2551 id
973 2504 1062 2568 est
1090 2492 1183 2572 (ut
1223 2494 1491 2573 arbitror)
1523 2505 1774 2553 mentem

203 2609 387 2664 suam,
417 2591 531 2668 qua
565 2591 709 2649 nihil
738 2590 955 2649 homini
983 2590 1143 2649 dedit
1168 2589 1331 2647 Deus
1359 2589 1477 2666 ipse
1505 2590 1770 2649 divinius,

117 2713 121 2720 ·
201 2686 406 2764 Itaque
430 2687 766 2765 praeclarum
798 2706 831 2745 a
855 2686 1167 2764 majoribus
1196 2687 1525 2763 accepimus
1557 2705 1774 2744 morem
1797 2692 1861 2742 25

202 2785 446 2862 rogandi
483 2767 719 2861 judicisJ
747 2783 796 2841 si
828 2803 960 2841 eum
999 2793 1347 2855 tener-efflue,
1377 2782 1585 2844 “Quae
1621 2783 1775 2840 salva

201 2881 318 2940 fide
347 2881 539 2939 facere
564 2882 800 2957 possit.”
883 2879 1032 2938 Haec
1057 2879 1284 2957 rogatio
1313 2879 1384 2936 ad
1414 2899 1484 2936 ea
1508 2878 1773 2955 pertinet,

204 2993 334 3054 quae
385 2977 558 3055 paulo
614 2986 746 3035 ante
799 2975 918 3034 dixi
972 2977 1214 3034 honeste
1263 2973 1451 3034 amico
1499 2994 1533 3032 a
1577 2973 1775 3051 judice

676 3074 750 3132 14
769 3073 806 3110 ¹³
