2192 3517
207 233 268 280 L.
289 234 396 295 m]
782 233 869 280 DE
913 217 1203 280 omousi
1758 221 1871 281 179
1975 235 1978 240 ·

205 382 384 439 etiarn
437 382 484 440 si
539 381 596 439 id
649 381 850 458 possis,
898 381 1058 438 nullo
1113 379 1426 451 refellente,
1476 378 1779 439 obtinere?

206 478 467 537 Videsne
520 478 713 555 igitur,
758 478 870 535 hoc
910 478 1234 553 proverbio,
1276 495 1461 552 neque
1502 475 1654 553 Gygi
1696 475 1780 534 illi

207 594 377 652 posse
403 576 628 633 veniam
657 575 800 646 dari,
828 593 1017 650 neque
1045 574 1202 645 huic,
1232 592 1399 649 quem
1437 574 1609 649 paulo
1647 583 1780 631 ante

208 671 517 749 fingebam,
587 672 894 748 digitorum
962 670 1352 747 percussione,
1421 670 1780 730 haereditates

209 768 470 826 omnium
534 787 705 844 posse
771 769 1147 826 convertere?
1179 771 1190 784 ““
1251 766 1329 825 Ut
1383 755 1594 837 'enims
1628 767 1777 842 quod
1807 773 1840 824 5

209 879 376 940 turpe
417 874 523 936 est,
553 864 632 935 id,
660 863 918 940 quamvis
960 862 1303 934 occultetur,
1344 845 1536 920 tamen
1577 863 1781 921 hones-

209 973 333 1019 tum
361 961 485 1018 fieri
512 961 674 1018 nullo
701 961 875 1018 modo
890 970 1120 1037 -potest3
1165 960 1268 1031 sic,
1298 958 1447 1033 quod
1477 959 1780 1017 honestum

208 1076 329 1115 non
383 1067 489 1130 est,
532 1057 590 1115 id
643 1057 803 1136 utiles
826 1065 888 1114 ut
928 1056 1021 1128 sit,
1064 1055 1215 1113 effici
1268 1074 1384 1113 non
1436 1065 1643 1131 potest,
1688 1055 1783 1113 ad-

211 1164 472 1211 versante
501 1163 559 1211 et
586 1163 942 1232 repugnante
964 1153 1191 1210 naturai.

291 1347 432 1404 XX.
488 1346 570 1404 At
609 1346 784 1417 enim,
829 1364 960 1403 cum
999 1364 1315 1430 permagna
1351 1328 1586 1422 praemia
1626 1354 1778 1416 sunt,
1810 1346 1872 1396 Η)

210 1452 298 1500 est
353 1461 528 1500 causa
577 1442 878 1518 peccandi.
986 1441 1056 1499 C.
1114 1440 1337 1499 Marius
1392 1443 1553 1518 (cum
1603 1461 1637 1500 a
1680 1459 1781 1518 spe

211 1538 546 1598 consulatfis
585 1539 758 1615 longe
801 1525 1043 1609 abesset,
1082 1547 1143 1618 et
1183 1537 1302 1614 jam
1334 1539 1642 1614 septimum
1685 1556 1784 1595 an-

210 1653 352 1691 num
405 1644 536 1710 post
586 1643 890 1711 praeturam
951 1633 1191 1709 jaceret,
1247 1651 1436 1707 neque
1500 1633 1781 1709 petiturus

213 1747 464 1803 unquam
532 1728 893 1786 consulatum
950 1728 1265 1807 videretur)
1318 1727 1399 1789 Q.
1449 1725 1794 1799 Metellum,-

211 1825 378 1901 cujus
430 1825 655 1902 legatus
707 1834 848 1896 erat,
899 1843 1184 1882 summurn
1239 1824 1422 1880 virum
1469 1833 1527 1880 et
1574 1823 1778 1894 civem,
1810 1834 1872 1884 15

213 1921 379 2006 (curn
433 1918 505 1994 ab
557 1941 647 1993 eo,
702 1922 1044 1998 imperatore
1096 1939 1221 1993 suo,
1273 1911 1520 1979 Romam
1574 1920 1782 1978 missus

210 2019 390 2096 esset)
424 2019 573 2093 apud
609 2017 885 2094 populum
926 2017 1261 2076 Romanum
1302 2016 1637 2075 criminatus
1671 2026 1777 2088 est,

212 2114 424 2172 bellum
467 2114 624 2172 illum
670 2115 914 2174 ducere:
956 2114 1006 2171 si
1048 2133 1110 2171 se
1152 2113 1446 2171 consulem
1488 2113 1778 2185 fecissent,

212 2210 369 2268 brevi
411 2221 684 2287 tempore,
728 2221 825 2269 aut
863 2212 1052 2268 vivum
1095 2221 1194 2268 aut
1232 2221 1519 2268 mortuum
1574 2209 1782 2287 Jugur-

212 2308 367 2366 tham
408 2326 472 2365 se
513 2308 572 2365 in
611 2318 949 2385 potestatem
987 2308 1187 2384 populi
1226 2307 1478 2388 Romani
1517 2307 1780 2386 redacgu-
1808 2319 1870 2368 20

212 2424 359 2462 rum.
442 2403 646 2480 Itaque
687 2405 873 2462 factus
899 2414 986 2462 est
1015 2405 1111 2462 ille
1139 2404 1367 2479 quidem
1398 2404 1632 2475 consul;
1677 2403 1779 2462 sed

215 2519 248 2558 a
274 2501 386 2558 fide
420 2502 755 2578 justitiaque
796 2501 1079 2572 discessit,
1108 2501 1206 2576 qui
1247 2501 1526 2576 optimum
1563 2511 1780 2578 et-gra-

212 2587 506 2656 vissimum
547 2598 751 2668 civem,
781 2594 945 2674 cujus
981 2585 1225 2675 legatus,
1255 2608 1311 2655 et
1351 2616 1385 2655 a
1409 2617 1524 2674 quo
1552 2598 1778 2667 missu8,

211 2704 383 2765 esset,
412 2694 473 2751 in
500 2677 773 2751 invidiam
802 2694 943 2753 falso
969 2695 1211 2752 crimine
1241 2694 1552 2760 adduxerit.

289 2790 386 2848 Ne
440 2801 632 2849 noster
685 2792 912 2866 quidem
971 2791 1344 2849 Gratidianus
1396 2790 1589 2870 officio
1644 2790 1778 2847 boni
1806 2799 1870 2848 25

210 2887 318 2945 viri
360 2887 592 2946 functus
631 2899 718 2944 est
769 2897 910 2959 tum,
954 2907 1087 2946 cum
1139 2898 1345 2964 praetor
1401 2898 1570 2957 esset,
1612 2885 1781 2943 colle-

209 2982 485 3063 giumque
529 2979 836 3062 praetorum
880 2984 1097 3043 tribuni
1138 2983 1323 3061 plebis
1366 2982 1775 3056 adhibuissent,
