2192 3517
345 214 457 274 168
1006 218 1091 266 m:
1136 181 1426 264 officns.
1454 204 1466 250 ²
1814 212 1999 272 [L.u1.

431 369 584 429 euim
625 369 684 426 id
725 377 812 425 est
851 367 1060 438 celare,
1088 364 1366 441 quidquid
1392 363 1669 422 reticeas:
1712 363 1815 421 sed
1842 382 1997 437 cum,

396 469 397 476 ’
431 465 580 541 quod
608 474 670 521 tu
699 464 871 536 scias,-
896 463 957 520 id
986 463 1251 539 ignorare
1288 459 1658 519 emolumenti
1696 459 1782 520 tui
1824 460 2001 518 causa

430 561 572 619 velis
598 580 717 632 eos,
748 578 989 636 quorum
1032 559 1254 616 intersit
1295 558 1354 614 id
1395 556 1570 620 scire„
1645 556 1780 616 Hoc
1808 566 1997 615 autem

431 658 659 716 celandi
699 677 883 735 genus
922 657 1089 731 quale
1130 656 1221 727 sit,
1259 665 1319 712 et
1359 655 1525 731 cujus
1564 654 1831 726 hominis,
1871 655 2000 730 quis

369 769 403 817 5
431 774 545 812 non
590 755 785 811 videt?
892 753 1064 811 Certe
1119 770 1236 809 non
1292 752 1488 827 aperti,
1530 769 1648 809 non
1699 749 1997 827 simplicis,

430 869 545 907 non
601 849 857 926 ingenui,
898 867 1013 906 non
1060 847 1219 924 justi,
1261 865 1380 904 non
1418 846 1525 904 viri
1565 846 1703 903 boni
1721 867 1736 918 ;
1785 847 2001 904 versuti

429 947 642 1022 potius,
670 944 920 1015 obscuri,
953 944 1144 1015 astuti,
1184 943 1424 1015 fallacis,
1463 943 1752 1015 malitiosi,
1783 943 1998 1015 callidi,

431 1041 781 1112 veteratoris,
810 1040 968 1098 vafri.
1051 1039 1197 1098 Haec
1238 1049 1323 1096 tot
1363 1049 1422 1097 et
1449 1039 1561 1097 alia
1598 1040 1780 1116 plura,
1807 1058 2002 1097 nonne

433 1137 635 1195 inutile
662 1149 766 1203 est.
796 1136 1060 1196 vitiorum
1089 1136 1282 1192 subire
1309 1135 1584 1193 nomina?

343 1341 404 1390 10
509 1327 673 1386 XIV.
714 1328 896 1390 Quod
937 1329 986 1386 si
1028 1329 1386 1406 vituperandi
1427 1339 1579 1402 sunt,
1622 1330 1718 1404 qui
1758 1329 2006 1387 reticue-

431 1434 585 1497 runt,
616 1424 751 1500 quid
781 1424 853 1486 de
882 1425 956 1483 iis
994 1425 1435 1484 existimandum
1465 1437 1569 1497 est,
1599 1426 1696 1502 qui
1724 1426 2006 1483 orationis

428 1523 740 1581 vanitatem
785 1521 1206 1580 adhibuerunt?
1287 1523 1355 1581 G.
1387 1523 1626 1595 CaniuS,
1667 1542 1841 1598 eques
1883 1523 2008 1580 Ro-

434 1638 657 1690 manus,
688 1635 799 1676 nec
842 1619 1142 1688 infacetuS‚
1172 1629 1229 1678 et
1265 1620 1407 1677 satis
1446 1601 1723 1692 literatuS,
1766 1639 1901 1678 cum
1942 1638 2006 1677 se

437 1717 770 1793 Syracusas,
808 1714 1024 1772 otiandi
1069 1712 1161 1792 (ut
1201 1716 1321 1791 ipse
1363 1715 1556 1774 dicere
1596 1717 1841 1796 solebat)
1887 1736 2005 1775 non

342 1835 405 1884 15
436 1812 769 1889 negotiandi
809 1814 1004 1884 causa,
1047 1813 1403 1887 contulisset,
1431 1813 1750 1886 dictitabat,
1780 1834 1843 1872 se
1879 1814 2010 1873 hor-

435 1911 588 1967 tulos
630 1909 851 1982 aliquos
889 1909 1033 1966 velle
1074 1928 1284 1982 emere,
1329 1929 1441 1985 quo
1483 1911 1721 1968 invitare
1765 1911 2007 1982 amicoS‚

435 2016 494 2063 et
521 2006 620 2063 ubi
649 2024 710 2061 se
743 2006 1033 2062 oblectare
1070 2008 1193 2064 sine
1232 2007 1767 2086 interpellatoribus,
1795 2018 2006 2083 posset.

405 2101 614 2162 -Quod
672 2120 803 2159 cum
857 2104 1296 2177 percrebuisset,
1351 2104 1589 2180 Pythius
1641 2104 1696 2161 ei
1751 2104 2009 2178 quidam,

437 2197 533 2274 qui
564 2199 942 2275 argentariam
987 2199 1202 2257 faceret
1236 2201 1554 2276 Syracusis,
1585 2201 1746 2272 dixit,
1775 2201 2010 2262 venales

342 2320 407 2369 20
439 2295 671 2370 quidem
725 2314 786 2353 se
840 2295 1038 2354 hortos
1088 2315 1207 2354 non
1261 2297 1489 2369 habere,
1539 2299 1640 2355 sed
1691 2298 1870 2356 licere
1922 2298 2011 2356 uti

441 2391 649 2465 Canio,
692 2392 740 2450 si
791 2393 974 2465 vellet,
1019 2404 1080 2451 ut
1129 2394 1279 2452 suis:
1341 2404 1400 2452 et
1445 2395 1613 2452 simul
1663 2394 1734 2451 ad
1782 2413 2010 2452 coenam

441 2488 732 2546 hominem
776 2490 835 2548 in
877 2490 1070 2548 hortos
1112 2490 1369 2549 invitavit
1409 2491 1466 2548 in
1503 2500 1790 2566 posterum
1832 2491 2007 2548 diem.

441 2583 595 2642 Cum
645 2586 739 2643 ille
785 2586 1153 2661 promisisset,
1204 2597 1324 2648 tum
1372 2587 1612 2663 Pythius
1663 2586 1789 2663 (qui
1837 2596 2009 2656 esset,

442 2673 521 2738 ut¹
550 2683 922 2758 argentarius,
966 2684 1115 2758 apud
1151 2697 1362 2741 'omnes
1413 2684 1641 2741 ordines
1693 2684 2007 2762 gratiosus)

347 2801 413 2849 25
441 2776 757 2853 piscatores
785 2779 857 2836 ad
884 2798 944 2837 se
972 2780 1330 2851 convocavit,
1358 2790 1417 2837 et
1458 2780 1531 2837 ab
1571 2779 1662 2840 his
1699 2779 1916 2855 petivit,
1947 2789 2011 2835 ut

447 2884 577 2932 ante
617 2894 748 2932 suos
789 2875 1039 2933 hortulos
1078 2875 1354 2951 postridie
1401 2876 1794 2951 piscarentur:
1848 2875 2011 2932 dixit·

445 2991 577 3047 que,
606 2972 739 3049 quid
770 2990 870 3028 eos
894 2972 1087 3029 facere
1117 2973 1299 3029 vellet.
1384 2972 1479 3030 Ad
1508 2991 1731 3030 coenam
1759 2981 2013 3048 tempore
