2192 3517
308 210 420 271 124
975 228 1062 275 m:
1108 195 1401 274 ormena
1813 224 1894 285 [L.
1911 224 1980 280 11.
2035 200 2046 203 ”

399 374 552 449 quod
584 394 617 433 a
642 374 986 433 liberalitate
1028 374 1436 451 proficiscitur,
1482 392 1601 431 non
1644 392 1761 431 uno
1803 372 1979 430 mod-o

399 471 458 528 in
485 472 807 550 disparibus
834 473 1027 530 causis
1056 471 1249 530 affecti
1276 490 1405 528 esse
1433 471 1729 528 debemus,
1928 470 1931 474 ’

476 568 614 626 Alia
643 587 819 626 causa
845 581 933 626 est
961 569 1085 645 ejus
1114 568 1212 645 qui
1242 567 1570 626 calamitate
1595 566 1891 644 premitur,
1920 576 1977 623 et

397 664 522 742 ejus
569 664 668 740 qui
717 685 808 722 res
857 665 1125 732 meliores
1171 664 1393 740 quaerit,
1424 663 1599 721 nullis
1644 662 1785 725 suis
1806 664 1978 720 rebus

334 764 367 813 5
402 761 667 819 adversis,
749 761 1096 838 Propensior
1135 761 1461 838 benignitas
1497 780 1624 818 esse
1656 759 1893 816 debebit
1916 759 1978 817 in

400 858 783 930 calamitosos»,
830 857 942 914 nisi
991 858 1139 915 forte
1193 867 1362 915 erunt
1415 855 1579 934 digni
1631 853 1975 913 calamitate.

398 953 468 1011 In
513 954 584 1012 iis
626 963 818 1011 tamen
861 954 959 1029 qui
1003 973 1065 1011 se
1109 953 1363 1029 adjuvari
1408 952 1620 1022 volent,
1665 970 1784 1008 non
1812 961 1978 1009 utne

402 1050 744 1127 affligantur,
773 1050 875 1106 sed
908 1059 972 1106 ut
1011 1049 1273 1107 altiorem
1314 1043 1558 1128 gradum
1601 1043 2002 1119 adscendant,·

401 1147 649 1205 restricti
690 1147 928 1204 omnino
957 1165 1083 1204 esse
1112 1146 1273 1204 nullo
1301 1145 1473 1204 modo
1500 1145 1777 1202 debemus
1794 1163 1811 1214 3
1854 1142 1975 1215 sed,

307 1254 369 1303 10
389 1243 461 1300 in
510 1235 832 1319 deligendis
887 1242 1133 1315 idoneiS,
1177 1242 1463 1319 judieium
1512 1251 1571 1299 et
1617 1239 1976 1317 diligentiam

400 1339 713 1426 adhibere;
747 1358 882 1396 nam
909 1339 1185 1416 praeelare
1212 1338 1473 1396 Ennius:
2032 1329 2046 1340 '⁷

567 1486 599 1513 “
618 1482 891 1531 Benefacta
911 1482 1040 1531 male
1063 1483 1240 1544 locata,
1262 1480 1527 1530 malefacta
1545 1480 1803 1529 arbitror.”

396 1627 580 1700 Quod
623 1638 812 1694 autem
852 1628 1135 1686 tributum
1174 1636 1262 1684 est
1293 1627 1445 1684 bono
1463 1625 1594 1700 ‚viro
1621 1635 1681 1683 et
1707 1635 1887 1703 grate,
1916 1626 1977 1682 in

398 1744 471 1783 eo
500 1744 632 1783 eum
660 1744 733 1783 ex
760 1726 883 1801 ipso
911 1725 1138 1788 fruetus
1162 1732 1268 1796 est,
1297 1734 1420 1781 tum
1441 1722 1623 1781 etiam
1651 1741 1723 1779 ex
1749 1721 1976 1779 ceteris,

308 1834 371 1885 15
399 1821 757 1881 Temeritate
797 1822 953 1880 enim
993 1821 1235 1894 remota,
1264 1819 1590 1897 gratissima
1620 1828 1708 1876 est
1735 1817 1981 1876 liberali-

399 1927 521 1979 tas:
591 1938 774 1995 eoque
827 1938 954 1979 eam
1018 1917 1333 1976 studiosius
1395 1916 1656 1992 plerique
1721 1914 1978 1988 laudant,

401 2017 556 2092 quod
609 2015 818 2073 summi
871 2015 1150 2091 cujusque
1203 2013 1433 2071 bonitas
1486 2030 1794 2070 commune
1856 2030 1981 2089 per-

402 2111 623 2189 fugium
652 2109 738 2169 e'st
764 2110 1039 2169 omnium.
1123 2109 1335 2167 Danda
1373 2109 1548 2185 igitur
1577 2128 1752 2184 opera
1779 2118 1885 2181 est,
1916 2118 1982 2166 ut

401 2207 492 2265 his
519 2206 816 2265 benefieiis
849 2221 1017 2281 quam
1054 2205 1332 2282 plurimos
1373 2205 1710 2278 afficiamuS,
1739 2215 1980 2281 quorum

307 2316 372 2365 2⁰
401 2303 678 2362 memoria
741 2302 940 2360 liberis
1003 2289 1363 2378 posterisque
1427 2302 1723 2377 prodatur,
1778 2311 1842 2359 ut
1908 2301 1982 2359 iis

402 2399 641 2478 ingratis
669 2418 796 2456 esse
822 2417 938 2456 non
962 2398 1156 2457 liceat.
1239 2396 1463 2455 Omnes
1485 2399 1646 2455 enim
1689 2399 1984 2456 immemo-

402 2517 522 2556 rem
564 2495 835 2556 benefioii
872 2495 1121 2552 'oderunt
1138 2508 1171 2565 3¹
1196 2511 1441 2570 eamque
1481 2494 1749 2572 injuriam
1783 2494 1843 2552 in
1885 2493 1982 2551 de-

401 2594 669 2654 terrenda
695 2591 1039 2651 liberalitate
1069 2590 1179 2650 sibi
1208 2590 1383 2648 etiam
1412 2591 1557 2662 fieri,
1586 2610 1852 2667 eumque,
1882 2590 1979 2667 qui

404 2691 599 2762 faeiat,
630 2707 998 2748 communem
1027 2690 1248 2746 hostem
1277 2687 1610 2746 tenuiorum
1635 2698 1856 2764 putant.

309 2794 374 2845 25
481 2786 676 2860 Atque
715 2784 842 2842 haec
883 2784 1210 2862 benignitas
1250 2783 1424 2841 etiam
1466 2783 1798 2859 reipublieae
1827 2783 1988 2843 utilis

403 2892 509 2955 est,
537 2881 743 2940 redimi
771 2900 805 2938 e
832 2882 1108 2939 servitute
1135 2890 1353 2957 captos,
1382 2880 1725 2957 locupletari
1762 2879 1985 2939 tenuio-
