2192 3517
207 199 394 261 1..111.1
782 199 870 246 ns
913 200 1206 248 omens.
1763 192 1875 252 187

205 348 581 426 Perspicuum
630 349 750 426 jam
790 361 896 423 est,
936 361 996 409 et
1033 351 1171 427 quid
1227 351 1366 411 mihi
1406 351 1684 425 videatur,
1724 362 1785 410 et

194 459 356 522 ‚qute'
376 446 452 503 sit
492 445 643 504 inter
690 465 792 505 eos
843 447 1236 524 philosophos,
1277 468 1444 524 quos„
1473 448 1784 521 nominavi,

205 554 611 601 controversna.

286 717 514 794 XXIV.
557 736 741 795 Pacta
778 747 837 794 et
871 737 1156 813 promissa
1180 756 1480 814 semperne
1508 724 1788 795 servanda
1871 805 1876 812 ,

205 833 344 905 sint,
393 852 520 908 quae
567 851 680 892 nec
727 834 783 891 vi
835 853 947 891 nec
999 834 1131 894 dolo
1177 834 1327 893 malo
1373 832 1467 913 (ut
1518 843 1787 910 praetores
1815 840 1848 889 5

204 929 422 1010 solent)
455 930 609 988 facta
648 931 803 988 sint?
884 931 951 989 Si
988 931 1118 1008 quis
1153 929 1638 990 medicamentum
1667 929 1787 987 cui-

203 1025 361 1102 piam
389 1023 615 1083 dederit
642 1026 714 1084 ad
745 1046 949 1102 aquam
979 1025 1345 1098 intercutem,
1365 1025 1784 1103 pepigeritque‚

206 1140 284 1180 ne
311 1121 412 1179 illo
440 1121 862 1180 medicamento
902 1141 1152 1198 unquam
1176 1131 1379 1198 postea
1405 1130 1692 1193 uteretur3
1723 1121 1785 1180 si

205 1237 278 1277 eo
329 1218 752 1277 medicamento
804 1238 978 1277 sanus
1029 1218 1219 1277 factus
1271 1218 1463 1291 fixerit,
1505 1229 1565 1278 et
1619 1211 1785 1278 mni’s
1843 1253 1856 1262 ·

206 1315 422 1392 aliquot
459 1325 588 1392 post
628 1309 898 1373 inciderit
936 1315 998 1373 in
1045 1317 1294 1374 eundem
1347 1317 1646 1388 morbum,
1671 1301 1812 1373 dec*
1814 1289 1882 1388 ιὸ

206 1413 281 1471 ab
308 1432 398 1485 eo,
426 1412 659 1489 quicum
699 1412 1015 1490 pepigerat,
1044 1411 1328 1489 impetret,
1358 1422 1422 1470 ut
1463 1412 1676 1474 iterum
1707 1425 1824 1471 eo
1883 1459 1918 1496 ‚-

204 1508 382 1567 liceat
434 1510 537 1577 uti,
591 1508 730 1585 quid
797 1508 1126 1567 faciendum
1181 1508 1295 1567 sit'l
1399 1508 1553 1568 Cum
1606 1505 1681 1566 sit
1733 1509 1784 1567 is

208 1606 575 1677 inhumanus,
617 1606 715 1683 qui
755 1625 875 1664 non
915 1606 1201 1664 concedat
1238 1606 1342 1677 uti,
1374 1624 1487 1665 nec
1526 1606 1582 1664 ei
1623 1606 1785 1681 quid-

206 1722 378 1779 quam
407 1703 507 1761 fiat
534 1702 778 1779 injur-ize,
806 1704 935 1761 vitae
963 1712 1021 1760 et
1049 1701 1221 1763 saluti
1245 1701 1686 1760 consulendum.

282 1799 491 1863 Quid?
543 1799 595 1856 si
634 1800 762 1874 quis
801 1798 1031 1874 sapiens
1069 1809 1305 1875 rogatus
1344 1797 1420 1855 sit
1461 1798 1533 1856 ab
1571 1816 1643 1855 eo
1683 1797 1782 1873 qui
1814 1800 1876 1849 15

203 1878 338 1955 eum
381 1895 667 1953 haeredem
709 1896 904 1967 faciat,
934 1914 1068 1953 cum
1107 1895 1163 1953 ei
1203 1903 1548 1953 testamento
1580 1905 1783 1953 sester-

204 1993 351 2051 tium
391 1991 602 2049 millies
640 1991 1015 2067 relinquatur,
1044 2001 1109 2049 ut
1150 2000 1301 2063 ante,
1331 2010 1502 2067 quam
1542 1991 1783 2054 haeredi-
1862 1997 1865 2003 “

204 2099 384 2147 tatem
439 2087 637 2159 adeat,
667 2087 802 2145 luce
852 2088 1043 2165 palam
1088 2088 1150 2146 in
1199 2088 1324 2146 foro
1376 2087 1563 2159 saltet,
1609 2088 1782 2164 idque

203 2204 271 2243 se
309 2184 596 2242 facturum
634 2184 983 2260 promiserit,
1025 2184 1181 2260 quod
1223 2184 1386 2242 aliter
1421 2203 1559 2242 eum
1608 2185 1785 2243 haere-

204 2281 336 2340 dem
395 2281 712 2356 scripturus
779 2279 876 2338 ille
940 2299 1058 2338 non
1126 2290 1308 2351 esset3
1380 2280 1572 2353 faciat,
1626 2283 1781 2357 quod
1811 2289 1875 2339 20

202 2378 551 2456 promiserit,
595 2380 822 2436 necne?
930 2377 1271 2436 Promisisse
1303 2369 1567 2449 'nollem3
1621 2388 1681 2435 et
1722 2379 1781 2437 id

206 2475 448 2535 arbitror
489 2474 664 2532 fuisse
702 2473 1014 2552 gravitatis.
1100 2475 1236 2547 Sed,
1266 2474 1537 2549 quoniam
1575 2475 1784 2551 promi-

202 2572 300 2644 sit,
355 2572 403 2629 si
459 2572 666 2630 saltare
719 2573 779 2629 in
834 2573 958 2630 foro
1010 2582 1177 2647 turpe
1234 2571 1428 2644 ducet,
1484 2572 1783 2630 honestius

203 2669 535 2740 mentietur,
577 2668 627 2748 si
678 2688 751 2727 ex
804 2669 1138 2728 haereditate
1192 2667 1336 2726 nihil
1390 2668 1626 2744 ceperit,
1665 2667 1780 2725 nisi

202 2765 349 2825 sorte
413 2783 576 2824 eam
608 2765 915 2842 pecuniam
979 2765 1038 2823 in
1102 2764 1436 2842 reipublicae
1506 2782 1779 2840 magnum
1809 2767 1873 2817 25
1933 2757 1936 2770 “

204 2862 435 2940 aliquod
476 2872 701 2938 tempus
740 2861 1079 2932 contulerit3
1139 2871 1200 2919 ut
1240 2861 1328 2919 vel
1369 2860 1578 2918 saltare
1624 2879 1778 2933 eum,

202 2977 340 3018 cum
366 2958 566 3036 patriae
594 2958 963 3017 consulturus
990 2959 1085 3033 sit,
1114 2968 1280 3035 turpe
1306 2975 1424 3016 non
1451 2956 1542 3016 sit.
