2192 3517
198 221 253 271 ι.
272 217 336 286 1.]
772 221 860 272 ΒΕ
902 223 1193 272 omens.
1786 207 1867 270 ⁶3

275 369 495 445 Atque,
523 369 701 428 etiam
740 370 800 429 in
839 369 1277 430 secundissimis
1307 371 1499 444 rebus,
1528 370 1775 429 maxime

188 476 284 525 est
328 467 605 526 utendum
648 468 889 526 coasilio
934 468 1286 539 amicorum;
1350 468 1554 544 hisque
1593 469 1775 545 major

191 563 393 636 etiam,
423 583 595 639 quam
625 575 776 636 ante,
803 564 1114 623 tribuenda
1143 564 1470 623 auctoritas.
1536 564 1780 623 Iisdem·

195 678 315 736 que
341 660 695 737 temporibus
726 662 1047 719 cavendum
1074 670 1183 735 est,
1211 679 1288 718 ne
1329 661 1775 720 mutatoribus

191 756 611 832 patefaciamus
641 749 826 830 aureS,
854 776 966 816 nec
996 758 1220 816 adulari
1245 775 1355 822 nos
1380 757 1669 815 sinamus:
1713 758 1774 816 in
1799 763 1834 812 5

194 869 315 928 quo
343 852 462 910 falli
491 852 662 911 facile
689 863 793 911 est.
874 854 1056 912 Tales
1095 853 1250 913 enim
1279 872 1387 912 nos
1420 852 1615 935 [tunc]
1648 873 1775 912 esse

191 958 484 1025 putamus,
526 960 591 1007 ut
625 948 757 1026 jure
792 950 1129 1012 laudemur:
1185 970 1258 1012 ex
1303 969 1417 1027 quo
1456 957 1773 1012 nascuntur

196 1044 643 1104 innumerabilia
659 1056 935 1123 peccata:
979 1066 1114 1106 cum
1141 1047 1425 1120 homines,
1448 1047 1632 1105 inflati
1655 1047 1777 1124 opi-

194 1140 490 1214 nionibus,
518 1143 763 1218 turpiter
802 1143 1133 1216 irridentur,
1161 1154 1221 1203 et
1262 1143 1320 1202 in
1362 1144 1627 1202 maximis
1652 1162 1775 1202 ver·

193 1249 396 1295 santur
423 1238 730 1298 erroribus.
813 1240 932 1297 Sed
960 1241 1087 1299 haec
1115 1240 1347 1317 quidem
1375 1240 1670 1299 hactenus.
1803 1248 1864 1298 10

273 1333 430 1392 Illud
471 1345 662 1394 autem
690 1336 778 1394 sic
804 1346 892 1394 est
913 1336 1316 1413 judicandum,
1344 1337 1622 1396 maximas
1647 1336 1774 1414 geri

195 1450 309 1498 ree,
337 1441 398 1488 et
436 1430 671 1489 maximi
713 1432 909 1501 animi,
942 1433 1013 1492 ab
1053 1433 1127 1491 iis
1166 1433 1266 1509 qui
1305 1433 1661 1510 respublicas
1687 1452 1775 1491 re·

193 1537 356 1605 gant,
385 1528 540 1603 quod
576 1547 774 1587 earum
812 1529 1231 1588 administratio
1257 1529 1533 1590 latissime
1558 1539 1771 1606 pateat,

195 1624 269 1681 ad
323 1624 717 1700 plurimosque
772 1625 1071 1702 pertineat.
1156 1625 1303 1686 Esse
1345 1636 1537 1706 autem
1577 1625 1773 1703 magni

194 1719 396 1793 animi,
427 1730 485 1779 et
510 1721 707 1794 fuisse,
734 1722 943 1780 multos
984 1721 1160 1781 etiam
1198 1722 1259 1780 in
1294 1722 1413 1779 vita
1439 1722 1646 1792 otiosa,
1669 1721 1773 1797 qui
1803 1727 1863 1776 15

193 1827 297 1875 aut
322 1817 735 1895 investigarent
764 1828 862 1876 aut
882 1827 1233 1875 conarentur
1253 1834 1466 1894 magna
1491 1816 1772 1892 quiedam,

192 1932 438 1989 seseque
478 1933 711 1973 suarum
751 1932 943 1973 rerum
974 1913 1185 1972 finibus
1213 1913 1578 1972 continerent
1594 1933 1609 1984 ;
1653 1921 1771 1984 aut,

192 2009 483 2086 interjecti
525 2011 673 2069 inter
713 2011 1086 2088 philosophos
1118 2020 1177 2070 et
1212 2028 1314 2068 eos
1340 2008 1442 2087 qui
1466 2009 1773 2086 rempubli-

192 2124 329 2165 cam
356 2106 840 2180 administrarent,
870 2107 1294 2165 delectarentur
1315 2126 1377 2166 re
1404 2106 1510 2164 sui
1532 2105 1772 2166 familia·

191 2202 264 2276 ri,
293 2222 413 2261 non
442 2223 583 2262 eam.
598 2203 831 2279 quidem
866 2203 1026 2262 omni
1068 2204 1294 2261 ratione
1336 2212 1768 2280 exaggerantes,
1796 2214 1860 2265 20

191 2318 384 2376 neque
425 2299 799 2360 excludentes
840 2301 913 2358 ab
953 2300 1096 2386 ejus⁸
1119 2318 1227 2357 usu
1256 2318 1391 2360 suos
1408 2320 1423 2369 ς
1463 2298 1770 2376 potiusque

191 2406 253 2456 et
295 2396 499 2456 amicis
539 2397 951 2473 impertientes,
980 2406 1039 2455 et
1077 2395 1431 2471 reipublicae,
1459 2396 1770 2470 siquando

192 2512 333 2552 usus
368 2503 537 2551 esset.
617 2493 772 2555 Quas
810 2492 1058 2569 primum
1100 2492 1249 2550 bene
1287 2501 1449 2568 parta
1487 2491 1580 2562 sit,
1608 2491 1769 2549 nullo

192 2606 384 2664 neque
426 2589 581 2665 turpi
628 2598 867 2664 quaestu,
907 2606 1097 2663 neque
1137 2587 1377 2645 odioso:
1433 2597 1554 2648 tum
1594 2604 1768 2661 quam

190 2684 475 2761 plurimis,
497 2685 669 2743 modo
690 2671 900 2762 dignis,
923 2703 986 2742 se
1005 2684 1206 2744 utilem
1225 2684 1478 2760 praebeat
1501 2702 1515 2741 ε
1556 2681 1766 2740 deinde
1791 2685 1855 2735 25

194 2792 475 2859 augeatur
527 2782 774 2854 ratione,
827 2779 1151 2859 diligentia,
1197 2779 1588 2857 parsimonia3
1651 2795 1765 2835 nec
1842 2798 1850 2806 ·

192 2878 424 2940 libidini
478 2878 670 2955 potius
710 2878 1081 2953 luxuriaeque‚
1125 2895 1293 2951 quam
1336 2873 1663 2933 liberalitati
1706 2884 1766 2932 et

192 2975 615 3044 beneficentiae‚
653 2973 916 3056 [pateat.]
982 2974 1132 3033 Haec
1170 2971 1503 3050 praescripta
1541 2988 1767 3029 servan-

664 3069 756 3130 5*
