2192 3517
217 229 365 290 1..1.]
803 222 890 270 DE
928 195 1221 269 ort-rcus.
1812 208 1893 266 46

214 392 332 431 nus
372 371 714 450 praeclarum
741 372 874 444 hoc,
903 390 1074 448 quam
1103 371 1265 444 illud,
1288 371 1665 449 judicandum
1695 383 1797 431 est.

215 469 377 528 Illud
422 469 578 528 enim
620 469 796 527 semel
830 469 1078 545 profuit3
1121 468 1238 527 hoo
1279 483 1501 545 semper
1542 469 1800 546 proderit

217 568 481 626 civitati:
541 567 652 625 hoc
695 566 940 624 consilio
982 566 1142 643 leges
1177 566 1645 638 Atheniensium,
1685 567 1798 625 hoc

196 666 508 743 *majorum
550 663 826 734 instituta,
853 674 1172 722 servantur.
1256 663 1333 721 Et
1371 663 1800 724 Themistocles

219 762 457 838 quidem
501 760 643 822 nihil
672 760 900 832 dixerit,
931 760 991 817 in
1019 777 1131 836 quo
1159 760 1281 836 ipse
1308 760 1673 842 Areopagum
1706 761 1799 818 ad·
1825 772 1859 821 5

213 859 460 937 juverit3
508 868 564 915 at
591 858 687 915 ille
714 876 866 930 vere,
899 876 931 916 a
950 878 1013 916 se
1036 858 1291 934 adjutum
1320 857 1796 915 Themistoclem.

220 956 329 1013 Est
372 957 529 1013 enim
574 955 786 1012 bellum
826 965 1050 1032 gestum
1094 954 1340 1013 consilio
1380 955 1612 1012 senatus
1654 955 1797 1030 ejus,

222 1053 318 1128 qui
353 1073 387 1110 a
415 1052 632 1109 Solone
661 1062 784 1109 erat
812 1052 1175 1110 constitutus,

301 1149 475 1207 Licet
502 1148 704 1207 eadem
725 1150 798 1205 de
819 1148 1107 1206 Pausania
1136 1147 1546 1225 Lysandroque
1567 1149 1761 1206 dicere
1779 1168 1795 1219 3

222 1266 464 1322 quorum
494 1247 666 1303 rebus
692 1245 870 1323 gestis
899 1231 1238 1321 quanquam'
1254 1245 1555 1322 imperium
1588 1244 1796 1322 [Lace·
1827 1247 1890 1298 10

221 1342 529 1424 daemonis]
562 1343 860 1401 dilatatum
900 1352 1165 1418 putatur3
1209 1353 1400 1401 tamen
1441 1362 1515 1400 ne
1556 1343 1797 1401 minim&

222 1440 457 1516 quidem
497 1459 569 1498 ex
605 1449 767 1516 parte
807 1438 1060 1517 Lycurgi
1113 1440 1338 1517 legibus
1378 1450 1437 1498 et
1476 1441 1797 1517 disciplinae

222 1536 563 1595 conferendi
582 1545 730 1595 sunt.
798 1536 1164 1608 Quinetiam,
1182 1537 1258 1595 ob
1278 1539 1388 1595 has
1398 1537 1551 1613 ipsas
1571 1557 1796 1610 causas,

220 1643 280 1692 et
320 1634 678 1709 parentiores
718 1633 1041 1691 habuerunt
1078 1634 1387 1707 exercitus,
1416 1644 1476 1692 et
1515 1633 1795 1693 fortior-ee.

221 1730 377 1788 Mihi
424 1731 656 1806 quidem
698 1749 906 1805 neque,
948 1730 1144 1806 pueris
1185 1730 1373 1802 nobis,
1415 1729 1499 1789 Μ.
1541 1733 1798 1814 Scaurus
1828 1734 1890 1783 15

221 1827 294 1885 C.
328 1827 538 1900 Mari0,
569 1846 775 1904 neque,
807 1845 940 1885 cum
981 1845 1336 1885 versaremur
1377 1826 1437 1884 in
1477 1827 1797 1904 republica,

219 1924 307 1986 Q.
323 1924 564 1983 Catulus
580 1924 691 1982 Cn.
710 1924 1008 2000 Pompeio,
1029 1922 1236 1981 cedere
1258 1923 1569 1982 videbatur.
1631 1923 1796 1981 Parvi

221 2021 384 2079 enim
431 2032 566 2080 sunt
609 2021 746 2080 foris
791 2040 967 2093 arma,
1004 2020 1120 2080 nisi
1154 2031 1249 2079 ·est
1281 2020 1588 2079 consilium
1626 2021 1796 2080 domi.

222 2116 360 2175 Nec
401 2119 532 2194 plus
573 2119 904 2190 Africanus,
934 2118 1242 2196 singularis
1276 2128 1335 2177 et
1362 2119 1446 2176 vir
1473 2129 1532 2177 et
1559 2119 1799 2195 impera-

225 2225 334 2287 tor,
365 2216 425 2273 in
470 2216 788 2273 excidenda
832 2214 1155 2273 Numantia
1195 2215 1526 2291 reipublicae
1563 2217 1795 2292 profuit,
1826 2225 1891 2275 20

226 2330 400 2387 quam
441 2312 643 2369 eodem
684 2322 942 2387 tempore
983 2311 1047 2369 P.
1090 2309 1312 2369 Nasica
1348 2310 1620 2388 privatus,
1664 2333 1797 2371 cum

225 2407 326 2466 Ti.
354 2409 685 2467 Gracchum
716 2408 1038 2467 interemit:
1079 2427 1403 2484 quanquam
1426 2408 1550 2466 haec
1570 2409 1797 2485 quidem

225 2523 320 2563 res
346 2525 462 2563 non
490 2506 677 2563 solum
703 2525 776 2564 ex
802 2505 1122 2583 domestica
1151 2515 1237 2562 est
1272 2505 1529 2564 ratione:
1572 2505 1801 2582 attingit

227 2602 400 2660 etiam
445 2603 731 2674 bellicam,
788 2602 1056 2678 quoniam
1101 2602 1156 2659 vi
1203 2619 1489 2678 manuque
1536 2602 1803 2660 confecta

227 2709 352 2756 est:
396 2699 496 2756 sed
526 2708 717 2757 tamen
747 2698 1019 2774 idaeipsum
1049 2707 1273 2775 gestum
1314 2708 1402 2755 est
1443 2697 1684 2755 oonsilio
1712 2716 1802 2753 ur·
1829 2714 1893 2763 25

229 2795 401 2868 ban0‚
432 2796 556 2854 sine
585 2795 859 2856 exercitu.

306 2892 459 2951 Illud
492 2904 681 2951 autem
709 2892 985 2968 optimum
1016 2900 1123 2964 est,
1148 2892 1207 2951 in
1228 2892 1383 2968 quod
1404 2890 1596 2950 invadi
1617 2890 1803 2949 solere

233 2990 304 3049 ab
333 2991 606 3067 improbis
635 3000 694 3049 et
721 2990 930 3049 invidis
957 2990 1165 3048 audio:
