2192 3517
1181 3 1206 29 ἢ

200 186 257 232 ι..
276 186 385 246 1η]
775 188 861 235 DE
906 187 1200 250 omens,
1761 174 1873 234 145

197 353 315 393 non
343 315 566 412 potest:
607 346 843 395 rectene
887 347 1077 395 autem
1122 338 1274 394 hanc
1302 335 1530 393 tertiam
1556 344 1779 411 partem

197 432 270 489 ad
312 434 730 508 exquirendum
772 434 1025 494 officium
1076 433 1419 511 adjunxerit,
1463 451 1538 494 an·
1590 450 1779 504 secus,

194 530 271 589 de
311 549 383 588 eo
422 530 662 588 fortasse
704 530 982 607 disputari
1021 540 1229 606 potest.
1284 529 1488 601 .Nam,
1523 530 1640 586 sive
1684 529 1783 587 ho-

195 636 426 684 nestum
481 628 667 685 solum
723 629 939 685 bonum
990 638 1089 702 est
1123 625 1213 705 (ut
1269 627 1487 684 Stoicis
1537 626 1777 707 placet),

195 723 339 797 sive,
368 726 520 801 quod
563 726 865 784 honestum
907 735 1014 796 est,
1044 725 1104 782 id
1134 725 1216 783 ita
1247 741 1536 781 summum
1567 725 1779 781 bonum
1813 730 1846 779 5

194 831 285 879 est
337 821 848 899 (quemadmodum
903 821 1307 898 Peripateticis
1360 822 1573 879 nostris
1628 820 1782 878 vide-

195 920 342 998 tur),
384 930 448 976 ut
500 917 717 992 omnia,
765 939 838 978 ex
893 920 1072 979 altera
1124 929 1287 996 parte
1341 919 1646 991 collocata,
1688 919 1783 975 vix

196 1015 425 1073 minimi
479 1017 754 1075 momenti
812 1018 991 1075 instar
1045 1018 1327 1088 habeant3
1400 1015 1781 1076 dubitandum

197 1131 318 1170 non
361 1123 467 1185 est,
511 1114 650 1189 quin
691 1131 982 1190 nunquam
1024 1114 1207 1191 possit
1247 1114 1466 1173 utilitas
1508 1132 1639 1171 cum
1683 1112 1783 1170 ho-

197 1220 422 1268 nestate
477 1210 842 1268 contendere.
892 1209 1131 1287 ,Itaque
1180 1211 1529 1287 accepimus,
1575 1211 1784 1268 Socra·
1817 1216 1879 1264 10

198 1318 316 1365 tem
373 1308 660 1365 exsecrari
715 1307 946 1365 solitum
999 1328 1102 1366 eos
1157 1309 1256 1384 qui
1317 1309 1566 1385 primum
1634 1308 1780 1380 haec,

197 1405 409 1463 natura
450 1405 820 1477 cohaerentia,
851 1405 1127 1481 opinione
1172 1406 1582 1463 distraxissent.
1665 1404 1781 1474 Cui

196 1501 430 1578 quidem
486 1501 566 1558 ita
620 1512 753 1558 sunt
821 1502 1009 1559 Stoi'ci
1070 1502 1308 1572 assensi,
1364 1513 1447 1572 ut,
1504 1501 1780 1577 quidquid

198 1601 506 1657 honestum
560 1608 731 1670 esset,
788 1598 844 1654 id
901 1598 1044 1655 utile
1100 1617 1227 1656 esse
1291 1609 1613 1669 censerent,
1670 1617 1781 1656 nec

193 1695 342 1753 utile
370 1695 703 1771 quidquam,
734 1695 888 1770 quod
918 1714 1035 1752 non
1065 1695 1389 1752 honestum.
1821 1715 1877 1763 15

196 1815 203 1818 ·
274 1792 459 1872 Quod
489 1792 537 1849 si
567 1792 616 1849 is
643 1802 796 1850 esset
837 1791 1148 1863 Panaetius,
1180 1792 1274 1866 qui
1311 1792 1579 1860 virtutem
1620 1810 1787 1867 prop-

198 1909 363 1948 terea
403 1889 702 1947 colendam
746 1889 987 1960 diceret,
1031 1888 1184 1963 quod
1226 1908 1295 1946 ea
1336 1888 1595 1945 efficiens
1634 1888 1786 1946 utili-

196 1987 336 2045 tatis
364 1995 516 2044 esset
547 1985 638 2063 (ut
666 1986 728 2058 ii,
751 1986 849 2062 qui
879 2004 970 2042 res
999 1987 1350 2061 expetendas
1378 1985 1465 2043 vel
1497 1985 1785 2062 voluptate

199 2084 290 2141 vel
320 2083 639 2141 indolentia
676 2082 1042 2162 metiuntur),
1072 2083 1275 2140 liceret
1304 2083 1358 2141 ei
1387 2083 1603 2155 dicere,
1634 2083 1786 2141 utili-

198 2190 378 2239 tatem
422 2180 727 2256 aliquando
767 2199 900 2238 cum
943 2180 1245 2238 honestate
1286 2199 1561 2257 pugnare.
1646 2181 1784 2253 Sed,
1816 2184 1879 2233 20

204 2297 337 2337 cum
379 2278 455 2336 sit
495 2278 563 2349 is,
608 2277 705 2353 qui
747 2277 807 2334 id
846 2276 1035 2334 solum
1077 2275 1295 2334 bonum
1345 2277 1587 2353 judicet,
1630 2277 1784 2352 quod

202 2375 506 2433 honestum
533 2374 639 2445 sit3
685 2393 812 2449 quae
843 2382 1035 2430 autem
1065 2373 1203 2431 huic
1232 2384 1551 2451 repugnent
1590 2374 1784 2449 specie

201 2459 450 2547 quadam
478 2469 761 2542 utilitatis,
785 2488 982 2527 eorum
1010 2487 1201 2544 neque
1226 2469 1561 2532 accessione
1590 2470 1787 2528 melio-

200 2585 324 2625 rem
364 2567 538 2625 vitam
579 2566 725 2638 fieri,
767 2585 879 2623 nec
927 2564 1267 2623 decessione
1321 2565 1611 2641 pejorem;
1665 2585 1784 2624 non

200 2663 427 2721 videtur
468 2662 747 2740 ejusmodi
789 2661 1057 2719 debuisse
1101 2661 1576 2719 deliberationem
1611 2663 1787 2719 intro-
1815 2666 1875 2716 m

201 2760 441 2833 ducere,
484 2759 543 2817 in
598 2759 735 2835 qua,
778 2756 933 2834 quod
988 2759 1129 2815 utile
1188 2759 1492 2829 videretur,
1538 2776 1671 2816 cum
1713 2775 1785 2814 eo

199 2856 355 2933 quod
409 2858 717 2915 honestum
766 2865 936 2927 esset,
980 2865 1424 2931 compararetur.
1528 2854 1783 2927 Etenim,

201 2953 358 3030 quod
399 2971 687 3012 summum
729 2953 945 3012 bonum
975 2971 1009 3010 a
1036 2951 1254 3009 Stoicis
1294 2952 1527 3022 dicitur,
1571 2956 1609 2983 “
1630 2949 1789 3009 Con·

678 3048 755 3106 13
