2192 3517
364 182 476 254 166
1021 192 1109 240 m:
1153 179 1443 240 omens,
1829 191 1908 252 [L.
1928 174 2011 238 m'.

450 341 657 415 celare,
703 341 855 404 aliud
906 352 1134 402 tacere:
1188 352 1376 421 neque
1418 363 1528 421 ego
1567 361 1724 402 nuno
1766 352 1824 401 te
1863 343 2012 414 celo,

449 438 498 496 si
538 439 643 522 tibi
682 457 799 496 non
841 440 995 511 dico,
1025 460 1151 516 quoe
1182 451 1386 499 natura
1412 441 1665 499 Deorum
1693 439 1786 512 sit,
1815 440 1915 517 qui
1940 439 2013 497 sit

449 534 580 592 finis
606 536 887 594 bonorum
900 556 920 616 3
964 556 1088 612 quae
1115 538 1222 594 tibi
1249 538 1376 614 plus
1401 538 1736 614 prodessent
1763 536 2012 613 cognita,

449 650 618 706 quarn
649 633 825 690 tritici
855 633 1070 691 vilitas:
1114 634 1212 691 sed
1255 653 1391 706 non,
1419 634 1698 709 quidquid
1724 633 1829 698 tibi
1861 632 2015 689 audi-

390 733 423 782 ὅ
450 746 513 783 re
541 727 680 785 utile
717 738 825 800 est,
852 728 910 787 id
952 729 1092 786 mihi
1134 729 1325 788 dicere
1364 749 1603 788 neeesse
1641 739 1744 787 est.
1827 729 2014 787 Immo

451 843 605 884 vero
626 824 874 903 (inquiet
913 826 1036 905 ille)
1079 845 1317 888 neeesse
1352 836 1460 899 est,
1488 826 1537 884 si
1562 827 1790 903 quidem
1818 823 2015 882 memi-

448 920 608 991 nisti,
658 940 790 979 esse
843 920 990 979 inter
1046 921 1311 979 homines
1374 923 1579 982 natura
1647 921 2016 997 conjunctam

448 1017 804 1075 societatem.
866 1016 1153 1090 Memini,
1182 1018 1402 1093 inquiet
1443 1018 1572 1084 ille:
1615 1019 1715 1075 sed
1741 1036 1882 1074 num
1909 1017 2017 1074 ista

363 1175 367 1182 Δ
450 1112 694 1190 societas
745 1113 877 1171 talis
927 1122 1033 1184 est,
1077 1123 1139 1171 ut
1178 1113 1319 1171 nihil
1368 1132 1534 1171 suum
1578 1112 1857 1189 cujusque
1903 1112 2015 1170 eit?

362 1216 423 1266 10
450 1208 597 1285 quod
627 1203 686 1266 'si'
704 1208 785 1267 ita
811 1218 919 1281 est,
946 1227 1021 1265 ne
1050 1209 1410 1270 vendendum
1450 1208 1679 1285 quidem
1707 1209 2016 1284 quidquam

433 1313 556 1376 est,
582 1304 686 1362 sed
713 1303 1063 1364 donandum.
2057 1289 2078 1306 '⁵

529 1495 700 1555 XIII.
743 1497 942 1570 Vides,
976 1497 1044 1555 in
1085 1498 1197 1556 hae
1249 1498 1371 1562 tota
1424 1497 1857 1573 disceptatione,
1899 1515 2017 1555 non

453 1593 593 1651 illud
634 1593 772 1665 diei,
809 1594 1095 1656 Quamvis
1142 1594 1253 1652 hoc
1292 1604 1456 1670 turpe
1495 1594 1588 1666 sit,
1629 1604 1841 1665 tamen,
1882 1610 2021 1670 quo-

453 1689 608 1748 niam
649 1689 897 1767 expedit,
927 1690 1167 1759 faoiam;
1211 1691 1311 1748 sed
1339 1691 1421 1748 ita
1444 1690 1732 1766 expedire,
1761 1700 1823 1747 ut
1851 1699 2044 1766 turpe.

365 1801 427 1850 15
454 1804 572 1844 non
600 1785 708 1846 sit:
750 1805 822 1843 ex
851 1786 1026 1844 altera
1057 1771 1249 1844 autern
1277 1788 1456 1863 parte,
1486 1786 1557 1843 ea
1582 1803 1665 1858 re,
1695 1785 1828 1860 quia
1855 1795 2022 1862 turpe

369 1932 374 1937 .
454 1882 547 1954 sit,
588 1901 717 1940 non·
745 1901 873 1940 esse
913 1882 1258 1941 faciendum.
1338 1882 1569 1941 Vendat
1607 1881 1759 1939 aedes
1798 1882 1882 1939 vir
1923 1883 2024 1940 bo-

454 1997 563 2036 nus
600 1988 829 2068 propter
871 1978 1062 2053 aliqua
1099 1978 1255 2049 vitia,
1296 1991 1428 2054 quie
1462 1978 1584 2055 ipse
1623 1978 1795 2050 norit,
1824 1978 2024 2036 oaeteri

455 2073 754 2149 ignorent:
821 2073 1154 2152 pestilentes
1206 2074 1340 2147 sint,
1393 2087 1452 2132 et
1504 2073 1818 2132 habeantur
1874 2074 2026 2133 salu-

455 2169 618 2228 bres:
661 2169 973 2246 ignoretur,
1006 2170 1077 2227 in
1118 2170 1384 2228 omnibus
1424 2171 1708 2230 cubiculis
1745 2189 2024 2247 apparere

365 2272 428 2334 2⁰
457 2275 778 2341 serpentes;
832 2265 982 2323 male
1033 2267 1365 2339 materiatae,
1407 2267 1685 2325 ruinosae:
1741 2267 1841 2324 sed
1886 2268 2044 2339 hoo,'

453 2371 660 2438 praeter
699 2361 1014 2434 dominum,
1055 2381 1229 2421 nemo
1269 2363 1429 2421 soiat.
1533 2363 1775 2434 Quaero,
1817 2362 1868 2420 si
1908 2362 2027 2421 hoo

456 2457 808 2532 emptoribus
847 2458 1106 2517 venditor
1160 2478 1276 2517 non
1317 2459 1541 2530 dixerit,
1584 2459 1848 2534 aedesque
1887 2478 2029 2518 ven-

457 2553 667 2611 diderit
704 2554 882 2631 pluris
921 2556 1122 2628 multo,
1150 2574 1422 2632 quamsse
1462 2553 1823 2614 venditurum
1859 2556 2029 2631 puti-

456 2650 550 2722 rit,
579 2668 719 2707 num
746 2649 805 2708 id
833 2650 1041 2727 injuste
1070 2671 1141 2709 an
1172 2653 1428 2728 improbe
1456 2653 1696 2710 feeerit?

367 2755 431 2805 25
536 2745 644 2822 Ille
685 2765 839 2827 vero,
882 2748 1066 2823 inquit
1105 2749 1426 2824 Antipater.
1469 2771 1474 2776 ’
1531 2749 1697 2811 Quid
1738 2748 1896 2806 enim
1939 2758 2030 2805 est

462 2841 635 2914 aliud,
664 2842 876 2900 erranti
905 2842 1055 2901 viam
1081 2862 1196 2902 non
1224 2853 1537 2904 monstrare
1567 2844 1747 2922 (quod
1773 2843 2030 2902 Athenis

459 2938 946 2999 exsecrationibus
996 2939 1244 3015 publicis
1295 2940 1581 3004 sancitum
1627 2939 1765 3021 est),
1807 2940 1858 3008 si
1911 2940 2030 2999 hoe
