2192 3517
1501 0 1562 50 ‘12³

156 230 213 276 L.
236 230 301 290 1.]
756 231 843 277 m:
881 231 1175 278 OFFlcns.
1766 223 1847 281 25

166 377 434 446 Volscos,
479 379 747 451 Sabinoe,
778 378 1093 452 HernicoS,
1139 380 1200 437 in
1240 379 1533 437 civitatem
1575 379 1748 437 etiam

167 485 559 550 acceperunt:
605 486 662 533 at
689 476 1105 553 Carthaginem
1134 487 1193 536 et
1219 476 1597 535 Numantiam
1626 477 1753 534 fun-

164 572 323 629 ditus
350 573 737 632 sustulerunt:
782 574 993 631 nollem
1026 573 1405 631 Corinthum:
1443 574 1550 631 sed
1578 574 1753 632 credo

169 669 387 745 aliquid
415 680 664 741 secutOS,
696 671 1183 748 opportunitatem
1223 671 1341 727 loci
1383 671 1649 743 maxime,
1678 690 1754 728 ne

166 774 366 842 posset
396 766 704 841 aliquando
735 768 804 824 ad
833 767 1048 836 bellum
1076 767 1409 825 faciendum
1437 767 1602 824 locus
1630 768 1751 843 ipse
1783 778 1816 825 5

172 863 485 920 adhortari.
570 862 709 921 Mea
731 864 964 939 quidem
1001 861 1311 936 sententia,
1338 864 1491 941 paci,
1516 881 1641 940 quae
1669 865 1754 922 ni-

168 959 248 1017 hil
278 960 547 1018 babitura
574 962 649 1017 sit
678 961 1038 1034 insidiarum,
1067 980 1293 1039 semper
1320 972 1411 1019 est
1450 961 1754 1018 consulen-

169 1056 325 1114 dum.
412 1057 484 1114 In
529 1077 643 1132 quo
692 1058 741 1115 si
782 1058 924 1115 mihi
966 1068 1119 1116 esset
1158 1060 1647 1135 obtemperatum3
1703 1059 1752 1116 si

169 1172 288 1210 non
306 1154 606 1229 optimam,
627 1167 684 1211 ‘at
706 1138 954 1230 aliquam
974 1156 1394 1232 rempublicam
1418 1155 1573 1233 (quae
1595 1175 1752 1213 nunc

170 1250 333 1307 nulla
358 1252 474 1330 est)
506 1252 862 1310 haberemus,
949 1252 1026 1310 Et
1060 1272 1193 1309 cum
1224 1253 1314 1324 iis,
1345 1272 1490 1328 quos
1519 1253 1573 1309 vi
1602 1253 1755 1311 devi-
1787 1261 1848 1309 10

168 1347 342 1419 cerie,
366 1348 782 1420 consulendum
805 1360 891 1407 est
914 1369 927 1419 ;
971 1359 1093 1406 tum
1117 1350 1181 1422 ii,
1198 1350 1317 1425 qui,
1338 1351 1511 1407 armis
1530 1350 1751 1426 positiS,

169 1443 241 1501 ad
280 1443 692 1519 imperatorum
732 1446 904 1502 fidem
946 1446 1306 1523 confugient,
1334 1447 1594 1522 quamvis
1633 1466 1755 1503 mu-

167 1560 296 1598 rum
343 1541 492 1612 aries
524 1543 899 1617 percusserit,
943 1542 1265 1619 recipiendi
1310 1553 1494 1601 sunt*
1542 1544 1613 1600 In
1640 1563 1755 1619 quo

169 1647 474 1714 tantopere
524 1639 685 1714 apud
714 1650 943 1696 nostros
979 1640 1204 1715 justitia
1244 1639 1402 1697 culta
1441 1652 1547 1712 est,
1585 1651 1651 1697 ut
1692 1640 1751 1710 ii,

171 1735 270 1810 qui
299 1735 564 1803 civitates
592 1745 689 1793 aut
717 1736 983 1793 nationes
1011 1736 1270 1792 devictas
1305 1736 1458 1793 bello
1495 1737 1555 1793 in
1582 1737 1754 1793 fidem
1790 1753 1849 1800 15

170 1831 549 1908 recepissent,
572 1851 771 1890 earum
798 1831 1025 1909 patroni
1046 1842 1238 1889 essent
1267 1850 1429 1889 more
1457 1832 1751 1907 majorum.

249 1928 346 1986 Ac
401 1928 538 1985 belli
585 1929 817 2004 quidem
868 1929 1109 2004 aequitas
1155 1929 1516 1998 sanctissime
1562 1928 1753 1986 feciali

169 2025 369 2102 populi
411 2025 668 2083 Romani
705 2026 836 2102 jure
875 2026 1195 2103 perscripta
1222 2036 1325 2083 est.
1411 2025 1500 2083 Ex
1527 2045 1642 2102 quo
1672 2027 1754 2083 in·
1812 2073 1816 2076 Α

171 2122 356 2198 telligi
396 2131 601 2199 potest,
644 2123 867 2180 nullum
923 2121 1137 2180 bellum
1194 2142 1320 2180 esse
1362 2124 1597 2200 justum,
1640 2125 1752 2181 nisi

171 2219 325 2294 quod
368 2229 467 2278 aut
507 2221 679 2277 rebus
720 2220 978 2296 repetitis
1019 2231 1271 2297 geratur,
1317 2231 1414 2278 aut
1455 2220 1753 2278 denuntia·
1784 2233 1846 2278 20

171 2326 294 2373 tum
325 2326 457 2373 ante
486 2316 579 2389 sit,
608 2327 667 2374 et
703 2317 1003 2375 indictum.
1087 2317 1405 2393 Pompilius
1447 2318 1752 2393 imperator

171 2413 404 2470 tenebat
445 2413 835 2488 provinciam:
893 2414 952 2470 in
998 2414 1164 2490 cujus
1205 2414 1463 2471 exercitu
1512 2414 1756 2471 Catonis

172 2507 322 2566 filius
348 2509 464 2566 tiro
490 2509 791 2566 militabat.
872 2510 1024 2567 Cum
1056 2520 1247 2568 autem
1286 2510 1571 2586 Pompilio
1599 2511 1753 2567 vide-

170 2615 329 2663 retur
356 2624 532 2663 unam
571 2606 860 2664 dimittere
886 2607 1210 2684 legionem-3
1254 2607 1496 2664 Catonis
1523 2624 1752 2682 quoque

171 2699 372 2774 filium,
404 2702 509 2777 qui'
544 2702 604 2760 in
646 2703 851 2761 eadem
893 2704 1127 2781 legione
1172 2703 1477 2774 militabat,
1515 2701 1747 2760 dimisit.
1781 2709 1844 2757 25

172 2798 290 2855 Sed
317 2818 474 2871 cum,
506 2818 700 2857 amore
727 2801 1044 2878 pugnandi,
1074 2801 1136 2857 in
1165 2799 1419 2858 exer'citu
1450 2797 1751 2857 remansis-

171 2904 277 2967 set,
298 2895 454 2953 Cato
472 2897 543 2953 ad
564 2897 914 2974 Pompilium
935 2897 1185 2974 scripsit,
1206 2907 1288 2969 ut,
1308 2897 1357 2954 si
1376 2916 1509 2954 eum
1529 2904 1747 2970 patere-

170 3001 264 3049 tur
293 2993 356 3051 in
386 2994 643 3052 exercitu
671 3014 988 3067 remanere,
1018 2994 1277 3053 secundo
1303 3012 1437 3052 eum
1465 2991 1746 3069 obligaret
