2192 3517
331 214 413 273 26
1006 222 1094 268 DE
1133 222 1425 269 ort-lons.
1856 222 1937 283 [L.
1958 224 2000 272 1.

425 371 645 429 militiae
701 382 1096 441 sacramento;
1157 371 1311 446 quia,
1355 371 1548 447 priore
1604 370 1835 443 amisso,
1876 369 2012 447 jure

427 486 562 525 cum
604 467 865 524 hostibus
901 486 1162 545 pugnare
1190 487 1306 525 non
1335 477 1575 544 poterat.
1657 467 1828 524 Adeo
1857 485 2011 524 sum·

427 581 522 621 ma
542 574 665 620 erat
692 564 1015 620 observatio
1038 563 1099 621 in
1125 564 1275 620 bello
1300 564 1599 621 movendo,
1669 562 1753 622 M.
1772 563 2009 638 quidem

398 658 671 717 ’Catonis
713 659 867 716 senis
909 660 1152 735 epistola
1190 670 1277 716 est
1320 659 1391 715 ad
1432 658 1516 716 M.
1550 659 1749 727 filium,
1793 660 1851 717 in
1890 660 2008 735 qua

366 766 401 816 5
429 755 679 832 scripsit,
711 774 772 813 se
816 756 1063 825 audisse,
1093 773 1228 811 eum
1269 755 1506 811 missum
1550 755 1765 812 factum
1805 774 1932 813 esse
1975 775 2010 814 a

430 853 688 923 consule,
719 870 853 909 cum
882 851 941 908 in
984 849 1339 918 Macedonia
1378 851 1616 910 Persico
1652 851 1809 908 bello
1841 853 2010 911 miles

429 958 597 1006 esset.
667 946 873 1003 Monet
895 945 1089 1022 igitur,
1110 956 1173 1002 ut
1195 957 1413 1017 caveat,
1431 965 1506 1003 ne
1526 946 1790 1021 proelium
1814 947 1970 1005 ineat
1992 970 2005 1005 :

429 1055 604 1122 negat
631 1042 786 1102 enim
823 1041 916 1118 jus
951 1061 1099 1113 esse,
1130 1042 1228 1117 qui
1259 1042 1422 1099 miles
1464 1061 1581 1100 non
1624 1043 1717 1115 sit,
1745 1045 2008 1120 pugnare

431 1155 564 1197 cum
593 1139 774 1196 hoste.
938 1145 939 1152 ’

339 1311 402 1395 ι“ο
510 1331 650 1389 ΧΠ.
707 1332 992 1407 Equidem
1022 1331 1163 1389 iilud
1191 1332 1363 1390 etiam
1396 1331 1804 1405 animadverto,
1829 1334 2006 1408 quod,

429 1428 528 1508 qui
562 1429 795 1505 proprio
822 1429 1057 1487 nomine
1083 1429 1397 1505 perduellis
1426 1439 1595 1500 esset,
1625 1429 1676 1486 is
1702 1429 1884 1488 hostis
1911 1449 2008 1488 vo·

431 1537 679 1597 caretur,
715 1525 951 1583 lenitate
996 1525 1152 1583 verbi
1195 1524 1487 1583 tristitiam
1532 1526 1618 1583 rei
1664 1526 2002 1610 mitigatam.

431 1619 635 1679 Hostis
663 1620 838 1694 enim,
871 1621 1020 1697 apud
1047 1621 1296 1697 majores
1322 1632 1575 1694 nostros,
1604 1621 1655 1680 is
1679 1623 2003 1696 dicebatur,

432 1736 601 1795 quem
640 1736 799 1776 nunc
828 1718 1195 1796 peregrinum
1222 1718 1488 1778 dicimus.
1570 1717 1840 1779 Indicant
1865 1719 2008 1777 duo-

338 1829 401 1882 15
431 1813 622 1872 decim
669 1815 910 1874 tabulae:
974 1822 1012 1848 “
1037 1824 1136 1874 aut
1188 1825 1370 1874 status
1416 1815 1539 1874 dies
1591 1833 1726 1873 cum
1779 1816 2002 1874 hoste.”

429 1909 712 1985 Itemque,
745 1918 782 1948 ‘⁴
808 1912 1077 1969 adversus
1118 1912 1343 1968 hostem
1384 1921 1598 1968 aeterna
1634 1912 2002 1970 auctoritas.”

428 2006 596 2066 Quid
626 2006 698 2063 ad
726 2005 879 2064 hanc
905 2006 1409 2063 mansuetudinem
1439 2006 1572 2062 addi
1598 1999 1827 2081 potest?
1868 2025 2006 2066 eum

425 2101 668 2175 quicum
686 2101 898 2159 bellum
917 2117 1103 2178 geras,
1121 2111 1241 2158 tam
1258 2100 1418 2157 molli
1437 2101 1672 2160 nomine
1691 2102 2004 2178 appellari?

419 2196 785 2272 Quanquam
814 2198 873 2256 id
901 2216 1114 2255 nomen
1136 2196 1335 2255 durius
1356 2197 1474 2274 jam
1504 2197 1696 2256 effecit
1717 2207 2000 2259 vetustas:

333 2304 397 2354 20
426 2279 808 2371 {peregrino
849 2293 1003 2351 enim
1043 2292 1303 2361 recessit,
1333 2305 1392 2352 et
1430 2294 1658 2373 proprie
1695 2294 1756 2352 in
1784 2314 1872 2368 eo,
1901 2297 2001 2372 qui

430 2408 589 2447 arma
615 2401 818 2448 contra
843 2390 1034 2463 ferret,
1065 2390 1355 2450 remansit.

501 2487 658 2546 Cum
680 2487 821 2545 vero'
842 2487 913 2545 de
935 2487 1178 2563 imperio
1199 2487 1543 2556 decertatur,
1567 2489 1831 2564 belloque
1851 2508 2003 2565 quae-

427 2587 570 2643 ritur
598 2583 800 2662 gloria,
820 2602 1024 2642 causas
1043 2584 1282 2642 omnino
1303 2587 1537 2643 subesse
1558 2596 1753 2656 tamen
1769 2596 2002 2661 oportet

427 2682 678 2751 easdem,
708 2697 852 2757 quas
888 2678 1006 2737 dixi
1047 2679 1236 2756 paulo.
1261 2690 1392 2738 ante
1422 2680 1608 2757 justas
1640 2697 1845 2738 causas
1871 2700 2002 2741 esse

331 2769 397 2830 25
427 2777 723 2835 bellorum.
809 2775 928 2834 Sed
968 2794 1039 2833 ea
1081 2775 1250 2847 bella,
1295 2776 1503 2852 quibus
1548 2777 1775 2853 imperii
1815 2777 2001 2855 gloria

426 2873 716 2949 proposita
755 2882 864 2942 est,
909 2873 1100 2930 minus
1154 2873 1364 2931 acerbe
1408 2872 1661 2950 gerenda
1687 2884 1836 2934 sunt.
1919 2874 1999 2933 Ut

428 2971 602 3045 enim,
630 2991 764 3030 cum
801 2970 914 3031 civi
959 2970 1122 3029 aliter
1166 2970 1589 3046 contendimus,
1617 2972 1664 3031 si
1693 2982 1782 3031 est
1809 2970 1997 3031 inimi-

2177 383 2183 690 l
