2192 3517
305 210 385 270 36
994 221 1082 268 DE
1120 220 1413 267 omens.
1849 208 1928 270 [L.
1954 209 1993 256 1.

400 371 652 430 munitas
692 381 799 444 est,
843 387 970 447 quae
1011 369 1323 429 conficitur
1347 367 1436 427 'ex
1490 367 1792 426 beneficiis
1831 366 1989 424 ultro

400 468 546 526 citro
585 468 755 541 datis,
796 469 1085 545 acceptis:
1132 487 1259 544 quae
1299 477 1503 525 mutua
1543 476 1602 524 et
1642 475 1806 543 grata
1846 465 1985 523 dum

398 577 551 639 sunt,
581 566 732 624 inter
775 584 921 641 quos
961 586 1032 625 ea
1072 574 1227 639 sunt,
1256 566 1424 623 firma
1464 563 1547 621 illi
1577 561 1985 620 devinciuntur

397 663 695 721 societate.

300 776 334 824 5
477 762 616 833 Sed,
656 781 791 819 cum
834 761 1032 821 omnia
1072 747 1298 818 ratione
1349 758 1656 834 animoque
1698 758 1983 830 lustrari&

397 858 658 916 omnium
700 859 1044 918 societatum
1084 856 1246 914 nulla
1285 866 1373 914 est
1412 856 1660 934 gravior,
1691 856 1850 914 nulla
1890 875 1987 914 ca·

396 945 536 1028 rior,
566 975 738 1032 quam
780 975 851 1013 ea
893 974 1020 1031 quae
1054 973 1190 1011 cum
1223 953 1522 1030 republica
1549 947 1638 1011 es't
1666 953 1983 1029 unicuique

396 1053 675 1110 nostrum.
759 1036 899 1110 Cari
941 1062 1076 1110 sunt
1115 1061 1404 1129 parentes,
1449 1051 1570 1109 cari
1623 1051 1811 1123 liberi,
1850 1049 1983 1127 pro-

394 1149 619 1226 pinqui,
650 1149 992 1207 familiares:
1037 1150 1138 1208 sed
1168 1168 1371 1207 omnes
1412 1148 1672 1206 omnium
1710 1149 1984 1206 caritates

333 1247 367 1297 0
394 1247 583 1322 patria
625 1263 744 1303 una
785 1246 1089 1323 complexa
1136 1227 1256 1318 esu
1310 1265 1418 1323 pro
1462 1245 1578 1322 qua
1620 1245 1749 1321 quis
1792 1246 1986 1304 bonus

397 1343 621 1401 dubitet
669 1354 916 1401 mortem
960 1343 1253 1421 oppetere,
1296 1344 1346 1402 si
1385 1343 1441 1402 ei
1484 1343 1560 1402 sit
1599 1342 1935 1419 profuturus
1956 1344 1983 1400 ’.Ρ

395 1440 540 1503 Quo
593 1451 681 1498 est
735 1441 1130 1500 detestabilior
1185 1442 1426 1499 istorum
1482 1439 1829 1513 immanitas,
1878 1440 1981 1515 qui

384 1537 727 1598 iacerfirunt
768 1540 927 1597 omni
967 1539 1189 1597 scelere
1223 1538 1490 1615 patriam,
1519 1549 1580 1597 et
1607 1538 1665 1597 in
1695 1538 1766 1596 ed
1795 1538 1984 1596 fundi-

396 1645 491 1693 tus
520 1635 768 1695 delenda
797 1638 1068 1714 occupati
1097 1646 1234 1695 sunt
1260 1647 1319 1694 et
1347 1636 1596 1695 fuaunt.

304 1734 367 1785 15
477 1733 616 1806 Sed,
647 1734 695 1792 si
739 1735 1034 1793 contentio
1075 1734 1339 1811 quaedam
1378 1744 1437 1792 et
1474 1729 1829 1811 comparatio
1859 1733 1978 1806 fiat,

396 1830 608 1907 quibus
649 1832 962 1908 plurimum
1015 1832 1410 1891 tribuendum*
1444 1832 1642 1905 officii,
1677 1832 1981 1909 ‘principes

396 1937 532 1985 sunt
558 1929 746 2004 patria
771 1940 829 1986 et
856 1940 1145 2005 parentes,
1176 1948 1420 2005 quorum
1463 1930 1764 1988 beneficiis
1804 1930 1980 1987 maxi—

397 2022 507 2081 mis
550 2022 790 2100 obligati
831 2041 1066 2081 sumus:
1109 2021 1354 2100 proximi
1395 2021 1583 2096 liberi,
1613 2034 1849 2101 totaque
1878 2026 1979 2083 do-

395 2138 545 2190 mus,
602 2138 728 2194 quae
783 2130 1005 2196 spectat
1060 2121 1120 2177 in
1175 2139 1283 2177 nos
1350 2120 1519 2194 solos,
1576 2141 1764 2198 neque
1822 2122 1977 2180 aliud

303 2223 367 2276 m
395 2215 577 2274 ulium
618 2225 808 2293 potest
849 2216 1060 2275 habere
1099 2216 1461 2295 perfugium:
1513 2218 1789 2296 deinceps
1831 2220 1978 2278 bene

397 2313 810 2371 convenientes
845 2313 1175 2391 propinqui,
1220 2314 1567 2389 quibuscum
1609 2317 1783 2374 etiam
1827 2337 1980 2374 com·

396 2410 590 2468 munis
635 2410 972 2486 plerumque
1011 2411 1244 2469 fortuna
1269 2422 1372 2469 est.
1454 2412 1849 2475 Quamobrem
1881 2434 1979 2471 ne-

397 2506 650 2566 cessaria
673 2507 945 2582 praesidia
971 2507 1103 2564 vitae
1131 2508 1413 2565 debentur
1442 2510 1514 2567 iis
1540 2512 1808 2582 maxime,
1833 2530 1979 2585 quos

399 2615 533 2663 ante
587 2603 740 2661 dixi:
812 2603 929 2661 vita
997 2609 1223 2676 autems
1264 2605 1565 2681 victusque
1632 2608 1976 2681 communis,

303 2718 368 2767 25
398 2701 663 2773 consilia,
693 2719 1009 2773 sermones,
1039 2701 1488 2776 cohortationes,
1533 2703 1978 2778 consolationeS‚

400 2798 687 2857 interdum
716 2798 891 2856 etiam
916 2798 1366 2876 objurgationes,
1397 2799 1457 2858 in
1489 2801 1759 2860 amicitiis
1784 2815 1983 2880 vlgent

398 2895 648 2954 maxime
672 2916 685 2953 :
727 2906 930 2972 estque
959 2915 1029 2954 ea
1050 2896 1475 2974 jucundissima
1503 2898 1778 2974 amicitia,
1809 2919 1980 2976 quam

399 2991 718 3052 similitudo
744 3012 971 3053 morum
999 2993 1344 3073 conjugavit.
