2192 3517
411 83 431 110 ἱ

235 190 289 236 L.
310 189 396 249 ιι]
808 189 895 238 nn
940 189 1232 238 officiis.
1791 181 1905 243 135

260 383 265 388 .
311 339 394 398 At
430 358 564 397 vero
604 340 820 398 Aratus
861 339 1174 416 Sicyonius
1209 338 1340 416 jure
1377 338 1664 412 laudatur,
1694 338 1813 415 qui,

231 456 367 495 cum
407 436 533 513 ejus
573 436 776 493 civitas
814 436 1236 513 quinquaginta
1276 454 1459 494 annos
1492 456 1527 494 a
1555 436 1815 513 tyrannis

229 543 543 605 teneretur,
569 533 863 609 profectus
883 533 1062 611 Argis
1089 533 1423 609 Sicyonem,
1454 532 1813 591 clandestino

230 630 464 689 introitu
520 630 662 687 urbe
716 640 803 688 est
855 630 1091 707 potitus.
1186 630 1453 706 Cumque
1505 639 1813 706 tyrannum

229 726 539 785 Nicoclem
582 725 885 803 improviso
936 726 1332 802 oppressisset,
1373 736 1680 785 sexcentos
1720 745 1814 785 c:-
1838 735 1872 783 5

228 822 374 895 uleS,
425 823 523 899 qui
588 823 814 882 fuerant
875 823 1002 899 ejus
1057 821 1308 881 civitatis
1359 821 1811 899 locupletissimi,

226 920 511 991 restituit3
561 939 797 996 remque
835 919 1131 997 publicam
1175 920 1424 977 adventu
1464 937 1570 977 suo
1610 919 1816 978 libera·

228 1018 326 1076 vit.
413 1018 550 1091 Sed,
581 1037 713 1076 cum
742 1035 1013 1094 magnam
1053 1017 1533 1090 animadverteret
1560 1016 1620 1074 in
1649 1016 1814 1075 bonis

228 1125 287 1172 et
311 1114 774 1190 possessionibus
812 1113 1230 1185 difficultatem,
1259 1112 1416 1188 quod
1441 1123 1502 1171 et
1528 1131 1630 1171 eos
1669 1129 1814 1188 quos

229 1210 352 1288 ipse
392 1211 742 1284 restituerat,
763 1223 1024 1287 'quorum
1067 1211 1221 1268 bona
1267 1210 1365 1268 alii
1418 1211 1812 1287 possederant,
1842 1219 1905 1270 1⁰

229 1326 403 1386 egere
433 1307 854 1383 iniquissimum
887 1306 1288 1378 arbitrabatur,
1311 1317 1370 1365 et
1398 1306 1816 1385 quinquaginta

230 1423 514 1463 annorum
553 1393 941 1481 possessiones
980 1404 1198 1462 moveri
1237 1424 1353 1463 non
1389 1404 1561 1462 nimis
1589 1423 1813 1481 aequum

227 1502 485 1577 putabat,
513 1511 819 1577 propterea
856 1500 1007 1576 quod
1051 1511 1171 1558 tam
1210 1500 1390 1578 longo
1417 1500 1602 1578 spatio
1633 1501 1816 1560 multa

230 1596 682 1669 haereditatibus,
713 1596 895 1654 multa
919 1596 1331 1673 emptionibus,
1354 1596 1536 1654 multa
1561 1596 1813 1668 dotibus,

229 1694 574 1751 tenebantur
627 1692 753 1751 sine
808 1691 1052 1770 injuria;
1116 1692 1417 1769 judicavit,
1466 1710 1653 1767 neque
1701 1692 1815 1750 illis
1844 1704 1905 1753 15

231 1790 428 1862 adimi,
484 1808 671 1867 neque
738 1789 830 1848 his
895 1809 1013 1847 non
1068 1788 1354 1866 satisfieri,
1412 1806 1655 1863 quorum
1718 1788 1817 1846 illa
1937 1769 1942 1778 ‘

229 1857 475 1958 snei-ant,
515 1896 799 1963 oportere.
883 1886 1036 1945 Cum
1091 1885 1268 1963 igitur
1315 1884 1628 1957 statuisset,
1670 1902 1815 1964 opus

227 2002 356 2041 esse
388 1983 459 2041 ad
496 2002 624 2041 eam
664 2002 788 2041 rem
829 1982 1296 2041 constituendam
1338 1980 1611 2059 pecunia,
1642 1982 1816 2039 Alex·

230 2081 490 2137 andriam
533 2099 595 2136 se
635 2078 928 2156 proficisci
969 2079 1117 2136 velle
1158 2078 1303 2136 dixit
1321 2098 1339 2148 ;
1395 2096 1630 2153 remque
1672 2078 1817 2136 inte-

227 2196 391 2254 gram
423 2176 491 2234 ad
525 2177 771 2234 reditum
812 2194 980 2236 suum
1015 2175 1186 2252 jussit
1218 2192 1378 2232 esse:
1423 2174 1584 2251 isque
1612 2174 1814 2232 celeri·
1842 2189 1906 2238 20

228 2284 316 2332 ter
360 2274 429 2331 ad
485 2271 882 2346 Ptolemaeum,
924 2291 1093 2329 suum
1148 2271 1455 2347 hospitem,
1499 2271 1673 2343 venit,
1714 2272 1813 2348 qui

226 2380 351 2428 tum
382 2371 663 2447 regnabat
691 2368 833 2428 alter
870 2378 1004 2445 post
1031 2367 1445 2426 Alexandriam
1484 2367 1810 2427 conditam:

226 2468 327 2526 cui
369 2487 502 2525 cum
547 2466 922 2543 exposuisset,
963 2464 1207 2543 patriam
1249 2484 1311 2548 se
1358 2465 1605 2522 liberare
1644 2465 1811 2537 velle,

226 2582 580 2638 causamque
622 2562 944 2633 docuisset3
991 2581 1026 2620 a
1051 2580 1188 2639 rege
1229 2561 1506 2638 opulento
1537 2562 1620 2618 vir
1661 2581 1813 2620 sum-

224 2680 356 2719 mus
391 2660 562 2718 facile
605 2643 950 2737 impetravit,
981 2668 1044 2717 ut
1070 2658 1278 2736 grandi
1305 2657 1556 2735 pecunia
1587 2659 1813 2736 adjuva·
1838 2674 1903 2723 25

223 2767 402 2815 retur.
482 2756 682 2819 Quam
713 2775 845 2814 cum
877 2756 1191 2832 Sicyonem
1222 2754 1526 2826 attulisset,
1551 2754 1812 2812 adhibuit

222 2854 337 2912 sibi
367 2853 425 2911 in
457 2853 762 2911 consilium
807 2851 1140 2927 quindecim
1180 2849 1495 2929 principes,
1526 2869 1660 2908 cum
1690 2850 1812 2926 qui·
1913 2899 1916 2906 .

224 2951 335 3008 bus
377 2969 585 3008 causas
626 2948 903 3027 cognovit
943 2957 1002 3005 et
1041 2965 1244 3005 eorum
1284 2946 1383 3023 qui
1426 2946 1615 3005 aliena
1653 2954 1813 3003 tene-
