2192 3517
322 205 403 266 52
1006 218 1094 265 on
1130 217 1421 265 omens.
1851 218 1931 279 [L-
1950 218 1992 265 1.

414 375 542 424 rent
581 366 809 424 utiliter·
835 385 867 425 a
900 366 1110 425 natura
1137 366 1345 425 datam.
1425 365 1537 423 Illa
1561 385 1695 430 vero
1721 365 1995 424 omnibus

415 463 475 521 in
519 464 690 521 rebus
743 463 1100 539 repudianda
1149 473 1269 533 est3
1332 463 1780 539 optandumque,
1822 472 1887 520 ut
1926 463 1993 534 ii,

415 558 514 635 qui
540 569 794 635 praesunt
820 559 1175 636 reipublicae,
1203 560 1398 637 legum
1436 559 1651 616 similes
1678 559 1812 631 sint,
1839 578 1993 634 qum,

422 657 492 713 ad
548 656 925 731 puniendum,
979 676 1100 714 non
1154 655 1475 727 iracundia,
1531 656 1634 713 sed
1701 656 2032 732 aequitate„
2119 689 2128 696 -

357 757 389 806 5
417 752 724 811 ducuntur.

486 944 724 1003 XXVI.
782 944 978 1019 Atque
1006 943 1181 1001 etiam
1210 943 1270 1001 in
1297 944 1471 1002 rebus
1495 944 1802 1021 prosperis,
1831 953 1898 1002 et-
1920 944 1995 1002 ad

416 1042 769 1098 voluntatem
809 1051 1061 1098 nostram
1102 1040 1432 1112 fluentibus,
1485 1040 1835 1116 superbiam,
1886 1040 1997 1098 fas-

416 1137 642 1208 tidium,
701 1136 1220 1213 arrogantiamque,
1275 1155 1621 1213 magnopere
1686 1136 1993 1214 fugiamuS.

417 1232 593 1303 Nam,
624 1242 686 1289 ut
715 1232 978 1318 adversas
1017 1251 1129 1304 res,
1155 1232 1247 1289 sic
1285 1232 1591 1304 secundas,
1622 1232 1996 1290 immoderate

337 1341 388 1391 10
418 1329 586 1400 ferre,
629 1328 876 1385 levitatis
915 1338 1035 1386 est:
1082 1329 1471 1404 proeclaraque
1510 1338 1599 1386 est
1638 1328 1997 1403 aequabilitas

418 1424 478 1482 in
518 1424 679 1482 omni
717 1423 854 1495 vita,
882 1433 941 1482 et
978 1418 1133 1482 idem
1174 1442 1399 1500 semper
1437 1424 1646 1496 vultus,
1676 1425 1997 1499 eademque

420 1520 608 1590 frons3
651 1529 716 1577 ut
742 1521 815 1577 de
857 1521 1119 1591 Socrate,
1148 1520 1286 1578 item
1323 1520 1398 1576 de
1441 1520 1509 1577 C.
1540 1519 1738 1591 Laelio,
1770 1519 1997 1597 accepi·

417 1635 561 1674 mus,
600 1663 609 1672 .
645 1616 975 1693 Philippum
1024 1615 1286 1692 quidem,
1329 1614 1719 1674 Macedonum
1771 1635 1991 1693 regem,

350 1735 357 1744 ·
416 1713 588 1770 rebus
615 1713 805 1790 gestis‘
820 1723 879 1771 et
918 1713 1105 1791 gloria
1131 1722 1459 1790 superatum
1488 1733 1523 1771 a
1547 1713 1686 1785 filio,
1718 1713 1996 1772 facilitate

333 1821 391 1870 15
418 1819 478 1868 et
517 1810 877 1868 humanitate
908 1810 1078 1869 rideo
1120 1810 1473 1887 superiorem
1512 1808 1705 1868 faisse.
1788 1809 1997 1885 Itaque

422 1906 563 1964 alter
623 1925 847 1983 semper
900 1925 1164 1983 magnus,
1213 1907 1357 1965 alter
1416 1923 1566 1982 saepe
1630 1905 1995 1982 turpissimus

420 2002 563 2060 fuit:
605 2012 670 2062 ut
710 1994 867 2060 recte
905 1999 1218 2079 praa-cipere
1245 2002 1565 2074 videantur,
1594 2002 1693 2077 qui
1733 2014 1992 2075 monent,

418 2107 500 2167 ut,
528 2107 743 2172 quanto
782 2097 1109 2173 superiores
1149 2096 1350 2168 simne,
1377 2106 1539 2155 tanto
1578 2117 1686 2156 nos
1725 2115 1995 2175 geramus

418 2192 773 2251 submissius,
857 2192 1149 2251 Panaetius
1183 2192 1413 2269 quidem
1442 2194 1805 2267 Africanum,
1836 2196 1996 2254 audi-

327 2295 390 2349 20
417 2298 598 2347 torem
639 2299 697 2346 et
741 2289 1079 2347 familiarem
1124 2308 1311 2363 suum,
1349 2289 1599 2366 solitum,
1640 2292 1737 2362 ait,
1774 2292 1991 2364 dicere,

418 2395 480 2442 ut
504 2404 706 2462 equOS,
725 2396 955 2461 propter
983 2387 1217 2444 crebras
1238 2387 1640 2445 contentiones
1659 2388 1994 2463 proeliorum

418 2481 714 2539 ferocitate
768 2482 1140 2555 exsultantes,
1161 2511 1164 2520 ·
1188 2484 1566 2542 domitoribus
1619 2485 1847 2541 tradere
1903 2502 1995 2544 so·

416 2578 592 2649 leant,
616 2588 679 2635 ut
707 2578 795 2635 his
816 2578 1174 2637 facilioribus
1192 2580 1418 2655 possint
1442 2580 1557 2650 uti3
1600 2579 1686 2636 sic
1708 2580 1991 2653 homines,

418 2673 692 2732 secundis
739 2676 931 2736 rebus‹
957 2676 1283 2746 effrenatos,
1333 2675 1559 2750 sibique
1603 2676 1991 2751 praefidentes,

327 2786 391 2841 '25
418 2781 691 2847 tanquam
738 2771 799 2829 in
852 2761 1071 2848 gjrum‘
1103 2770 1342 2842 rationis
1397 2782 1457 2829 et
1510 2772 1790 2831 doctrinae
1846 2774 1991 2834 duci

418 2876 699 2943 oportere,
728 2876 793 2923 ut
817 2866 1218 2942 perspicerent,
1245 2884 1437 2924 rerum
1461 2866 1848 2928 humanarum
1886 2869 1967 2927 im

419 2963 810 3033 becillitatem,
839 2963 1285 3038 varietatemque
1312 2962 1572 3023 fortunae.

2155 2859 2170 2958 l
