2192 3517
203 208 259 252 1³·-
281 205 386 267 1n.]
800 208 887 256 DE
929 207 1223 255 ormena.
1752 195 1864 253 175

199 354 439 425 tatibuS,
473 353 721 426 fiduciis,
761 356 1064 427 mandatiS,
1109 356 1279 413 rebus
1318 355 1544 431 emptiS,
1584 354 1775 411 vendi-

200 448 298 520 tis,
327 449 653 521 conductiS,
680 450 907 522 locatis,
937 450 1145 525 quibus
1185 450 1318 507 vitae
1358 450 1603 507 societas
1644 468 1778 507 con-

200 545 516 602 tineretur:
572 546 632 602 in
686 546 776 606 his
826 546 1023 623 magni
1077 565 1203 603 esse
1251 546 1485 623 judicie,
1527 556 1777 603 statuere

205 641 546 716 (praesertim
590 661 724 700 cum
766 643 824 699 in
852 643 1139 718 plerisque
1166 653 1357 699 essent
1393 642 1616 718 judicia
1641 661 1778 717 con-

200 738 406 817 traria)
436 738 571 813 quid
615 757 898 813 quemque
939 740 1151 814 cuique
1177 748 1445 815 praestare
1471 748 1772 814 oporteret.
1802 748 1835 806 5
1907 797 1912 804 „
1939 795 1942 804 A

280 833 586 895 Quocirca
614 834 836 892 astutiae
862 834 1126 892 tollendae
1154 844 1305 905 sunt,
1329 853 1510 909 eaque
1538 833 1775 905 malitia,
1929 816 1937 826 ’

199 919 339 1005 quai.
362 929 483 986 vult
523 927 624 987 illa
659 931 890 1006 quidem
933 930 1114 989 videri
1140 950 1201 988 se
1229 949 1355 989 esse
1394 930 1775 1006 prudentiam,

201 1026 307 1083 sed
337 1027 497 1083 abest
526 1027 598 1083 ab
624 1028 714 1098 θα,
743 1027 1045 1103 distatque
1056 1027 1382 1103 plurimum.
1466 1026 1779 1086 Prudentia

201 1127 294 1180 est
321 1122 477 1178 enim
504 1122 737 1179 locata
723 1142 782 1179 m
811 1123 1038 1216 delectu
1067 1124 1349 1183 bonorum
1378 1133 1436 1181 et
1462 1122 1774 1180 malorum:

201 1218 426 1275 malitia
468 1216 545 1296 (si
583 1218 796 1290 omnia,
834 1238 959 1293 quaa
1000 1220 1191 1302 turpia
1230 1230 1381 1291 sunt,
1424 1220 1574 1277 mala
1614 1220 1775 1298 sunt)
1808 1232 1867 1281 10

202 1314 357 1372 mala
403 1315 571 1372 bonis
622 1315 783 1390 ponit
831 1326 978 1373 ante.
1086 1315 1219 1373 Nec
1265 1335 1398 1374 vero
1445 1316 1504 1374 in
1549 1316 1778 1392 praediis

201 1411 392 1468 solum
447 1411 542 1488 jus
594 1412 784 1491 civile,
820 1411 1075 1476 *ductum
1134 1431 1169 1469 a
1219 1414 1444 1484 natura,
1503 1412 1776 1474 malitiam

204 1507 581 1581 fraudemque
633 1503 918 1578 vindicat3
975 1508 1096 1581 sed,
1153 1509 1325 1566 etiam
1367 1508 1427 1566 in
1470 1510 1779 1586 mancipio-

205 1622 334 1662 rum
375 1603 723 1675 venditione,
758 1604 912 1662 fraus
951 1604 1266 1664 venditoris
1289 1604 1490 1666 *omnis
1525 1605 1779 1663 excludi-

208 1710 315 1758 tur.
404 1700 549 1762 ,Qui
603 1700 760 1757 enim
813 1700 962 1758 scire
1012 1695 1229 1773 debuit,
1278 1701 1349 1758 de
1396 1701 1657 1772 sanitate,
1706 1700 1777 1759 de
1808 1713 1869 1763 15

206 1797 365 1874 fuga,
394 1797 468 1853 de
508 1796 693 1868 furtiS,
726 1777 955 1873 praestat
995 1796 1190 1855 edicto
1232 1797 1499 1867 aedilium.
1582 1796 1779 1854 Haere-

205 1894 345 1951 dum
370 1892 508 1977 ⁶alia
553 1912 728 1958 causa
774 1903 877 1950 est.
960 1892 1051 1950 Ex
1096 1911 1210 1968 quo
1251 1892 1606 1970 intelligitur,
1644 1912 1781 1969 quo·
1855 1941 1860 1948 .

206 1990 364 2049 niam
400 1989 546 2067 juris
581 1999 787 2047 natura
822 1989 948 2047 fons
984 1988 1077 2060 sit,
1113 1989 1226 2047 hoc
1263 1991 1580 2066 secundum
1619 2000 1782 2048 natu-

206 2105 327 2144 ram
381 2105 527 2157 esse,
582 2086 875 2143 neminem
929 2084 988 2142 id
1043 2103 1231 2162 agere,
1288 2095 1351 2143 ut
1404 2104 1479 2142 ex
1547 2085 1780 2152 alterius

205 2182 492 2259 praedetur
539 2181 862 2240 inscientia.
972 2181 1104 2239 Nec
1154 2182 1275 2238 ulla»
1319 2182 1604 2257 pernicies
1650 2183 1777 2240 vitae
1806 2197 1869 2247 20

208 2271 389 2355 major
432 2278 675 2336 inveniri
715 2288 923 2353 potest,
951 2297 1121 2352 quam
1153 2278 1211 2335 in
1241 2278 1460 2336 malitia
1492 2279 1780 2336 simulatio

210 2375 638 2452 intelligentiae:
681 2393 753 2432 ex
781 2392 894 2449 quo
922 2373 1032 2432 ista
1059 2374 1499 2434 innumerabilia
1538 2394 1782 2434 nascun-

208 2481 321 2544 tur,
358 2480 427 2528 ut
467 2471 633 2529 utilia
676 2490 808 2534 cum
857 2470 1110 2529 honestis
1157 2489 1415 2547 pugnare
1461 2471 1777 2529 videantur.

206 2569 445 2631 Quotus
472 2568 639 2626 eninr
657 2567 897 2642 quisque
932 2567 1268 2643 reperietur,
1298 2567 1415 2642 qui,
1445 2567 1779 2644 impunitate

208 2675 269 2723 et
295 2665 655 2742 ignoratione
693 2664 948 2721 omnium
989 2664 1298 2740 proposita,
1330 2664 1614 2722 abstinere
1653 2681 1782 2739 pos-
1807 2679 1870 2729 25

208 2761 285 2820 sit
310 2760 561 2838 injuria?
640 2832 646 2838 ²
681 2821 687 2828 ,
744 2828 753 2832 ,
834 2831 841 2838 ·

287 2950 515 3011 XVIII.
560 2950 978 3023 Periclitemur‚
1003 2949 1057 3048 si
1094 2945 1307 3026 placet,
1337 2949 1397 3008 in
1438 2949 1510 3010 iis
1550 2948 1780 3024 quidem
