2192 3517
342 173 424 234 8⁰
1020 182 1110 232 DE
1148 182 1443 234 omens.
1888 187 1967 250 [¹⁴.-
1990 185 2024 231 1.

435 351 562 392 rum
589 332 919 410 pulchrum,
948 331 1260 393 Pericle!''
1346 333 1484 392 “At
1509 331 1665 394 enim
1696 343 2022 411 praetorem,

435 430 751 507 Sophocle,
792 431 982 504 decet,
1023 447 1145 489 non
1193 429 1382 488 solum
1423 421 1649 503 suanus,
1691 430 1792 489 sed
1846 430 2023 489 etiam

433 527 657 604 oculos,
710 527 1064 587 abstinentes
1111 528 1381 587 habere.''
1466 528 1664 605 Atque
1706 528 1823 594 hoc
1864 528 2022 586 idem

435 623 758 702 Sophocles
798 624 849 683 si
886 624 950 685 in
994 625 1337 686 athletarum
1377 625 1722 702 probatione
1762 625 2020 697 dixisset,

375 728 407 775 5
428 721 585 798 justa
636 722 1091 798 reprehensione
1140 721 1456 781 caruisset:
1510 731 1673 782 tanta
1710 719 1794 780 vis
1834 732 1926 781 est
1963 732 2023 780 et

433 818 573 891 loci,
615 829 674 877 et
713 815 1035 896 temporis?
1070 807 1165 894 ,Ut
1205 818 1255 876 si
1294 818 1443 896 quis,
1483 837 1621 880 cum
1668 837 1907 878 causam
1948 819 2024 877 sit

435 926 689 989 acturus,
715 915 794 975 ‚in
841 913 1070 988 itinere,
1115 924 1216 976 aut
1261 914 1321 974 in
1365 914 1775 988 ambulatione,
1816 934 2020 975 secum

434 1012 557 1090 ipse
626 995 971 1085 meditetur,
1028 1023 1128 1071 aut
1191 1013 1242 1071 si
1311 1012 1451 1090 quid
1519 1012 1673 1072 aliud
1706 1027 1718 1036 ·
1745 1013 2022 1071 attentius

434 1109 673 1186 cogitet,
712 1128 834 1170 non
874 1110 1358 1187 reprehendatur:
1414 1120 1473 1168 at
1507 1109 1629 1168 hoc
1667 1109 1823 1170 idem
1864 1109 1914 1168 si
1956 1109 2020 1168 in

346 1212 407 1264 10
435 1205 705 1265 convivio
749 1205 947 1280 faciat,
989 1191 1341 1268 inhumanus
1380 1206 1662 1279 videatur,
1704 1205 2021 1266 inscientia

434 1303 720 1380 temporis.
1125 1288 1130 1292 ’

513 1400 633 1458 Sed
680 1418 771 1474 ea,
811 1421 940 1478 quae
987 1402 1232 1460 multum
1280 1403 1353 1461 ab
1399 1401 1757 1464 humanitate
1803 1402 2023 1462 discre-

430 1507 590 1575 pant,
632 1506 715 1571 ut,
755 1498 807 1558 si
851 1499 980 1577 quis
1019 1499 1080 1558 in
1121 1500 1249 1559 foro
1290 1510 1505 1573 cantet,
1549 1510 1648 1559 aut
1685 1499 1736 1558 si
1774 1519 1891 1576 qua
1929 1512 2021 1559 est

434 1593 549 1653 alia
601 1613 812 1672 magna
874 1595 1239 1676 perversitas,
1296 1595 1467 1660 facile
1529 1607 1835 1674 apparent;
1903 1616 2021 1657 nec

348 1696 405 1746 15
432 1707 782 1770 magnopere
837 1691 1290 1754 admonitionem
1342 1703 1402 1754 et
1452 1704 1743 1771 praecepta
1793 1694 2022 1753 deside-

433 1800 579 1848 rant.
658 1789 814 1853 Qum
855 1801 1050 1851 autem
1088 1810 1267 1869 parva
1307 1791 1570 1851 videntur
1610 1809 1738 1849 esse
1780 1791 2017 1863 delicta,

431 1905 620 1963 neque
649 1907 684 1945 a
709 1888 905 1947 multis
945 1888 1192 1966 intelligi
1231 1887 1494 1965 possunt,
1535 1888 1611 1948 ab
1649 1888 1722 1947 iis
1761 1899 1850 1946 est
1889 1888 2021 1947 dili-

432 1984 662 2060 gentius
714 1984 1146 2048 declinandum.
1253 1984 1333 2043 Ut
1385 1985 1448 2054 in
1512 1985 1743 2058 fidibus,
1800 1994 1898 2044 aut
1954 1985 2018 2048 in

431 2079 608 2153 tibiis,
653 2081 913 2156 quamvis
959 2077 1191 2158 paulum'
1246 2081 1593 2160 discrepent,
1637 2093 1834 2142 tamen
1876 2082 1936 2141 id
1958 2145 1962 2152 ,
1983 2102 2020 2142 a

336 2178 404 2232 20
431 2176 652 2235 sciente
695 2176 1072 2248 animadverti
1112 2178 1293 2250 solet3
1342 2177 1431 2236 sic
1470 2178 1783 2238 videndum
1823 2190 1912 2239 est
1951 2180 2018 2240 in

430 2273 566 2345 vita,
607 2294 683 2332 ne
725 2274 873 2338 forte
913 2275 1053 2351 quid
1093 2275 1414 2353 discrepet3
1470 2276 1558 2335 vel
1602 2278 1783 2337 multo
1835 2277 2018 2338 etiam

428 2371 632 2448 hagie,
687 2390 802 2447 quo
865 2372 1043 2450 major
1095 2383 1155 2432 et
1208 2373 1412 2434 melior
1480 2373 1772 2434 actionum
1838 2394 2014 2452 quarn

428 2485 703 2526 sonorum
731 2480 1055 2528 concentus
1081 2479 1188 2529 est.

505 2660 666 2720 XLI.
709 2661 933 2738 Itaque,
981 2675 1046 2723 ut
1092 2665 1154 2723 in
1193 2664 1405 2724 fidibus
1442 2665 1798 2726 musicorum
1842 2685 2015 2727 aures

337 2772 400 2822 95
426 2757 514 2820 vel
557 2758 798 2818 minima
835 2760 1124 2833 sentiunt3
1166 2761 1254 2820 sic
1293 2780 1421 2834 nos,
1462 2762 1528 2820 si*
1559 2782 1723 2822 acres
1770 2783 1839 2824 ac
1881 2764 2012 2824 dili-

426 2863 630 2931 gentes
675 2874 800 2914 esse
852 2858 1116 2917 volumus
1170 2857 1661 2920 animadversores
1712 2860 2009 2936 vitiorum,

427 2969 638 3031 magna
676 2973 825 3031 saepe
866 2954 1255 3035 intelligemus
1293 2974 1367 3014 ex
1403 2955 1610 3034 parvis.
1694 2958 1786 3016 Ex
1812 2957 2007 3019 oculo·

2181 1471 2184 1500 l

2183 1511 2184 1530 η
