2192 3517
215 231 278 283 ι..
297 233 382 296 11.]
785 236 871 283 DE
915 236 1208 286 omens,
1784 227 1897 287 139

213 385 428 463 potiuS,
484 403 656 460 quam
710 384 975 443 maximis
1030 386 1291 461 eorporis
1345 386 1578 444 viribuS.
1667 385 1803 461 Ipsa

214 483 365 541 inter
409 501 473 539 se
516 480 768 557 eorporis
813 482 930 539 sic:
993 492 1056 540 ut
1097 483 1253 540 bona
1294 482 1561 541 valetudo
1605 484 1801 561 volup-

213 579 320 638 tati
370 588 769 655 anteponatur,
816 579 964 635 vires
1013 578 1314 636 celeritati.
1410 579 1798 638 Externorum

217 687 431 749 autem,
464 659 537 732 'ut
577 675 763 753 gloria
803 675 1036 747 divitiis,
1071 676 1380 753 vectigalia
1420 677 1641 735 urbana
1680 698 1800 736 rus-

214 774 365 832 ticis.
399 773 404 786 '
452 774 543 831 Ex
581 793 696 849 quo
750 792 964 850 genere
1019 773 1487 849 comparationiS,
1532 774 1671 831 illud
1713 786 1801 834 est
1830 782 1863 832 5

212 870 455 929 Catonis
521 871 707 940 senis;
779 887 813 927 a
865 889 981 944 quo
1048 889 1183 927 eum
1237 880 1607 947 quaereretur,
1663 871 1801 946 quid

213 968 464 1026 maxime
532 967 592 1024 in
658 985 722 1023 re
776 966 1049 1024 familiari
1117 966 1431 1043 expediret,
1488 968 1800 1042 respondit,

212 1065 374 1124 Bene
427 1082 682 1140 pascere.
791 1063 958 1126 Quid
1013 1064 1376 1121 seeundum?
1444 1063 1600 1122 Satis
1656 1065 1802 1122 bene

209 1181 466 1240 pascere.
547 1160 717 1223 Quid
770 1161 1043 1218 tertium?
1086 1159 1245 1218 Male
1296 1180 1554 1236 pascere.
1633 1161 1800 1224 Quid

213 1261 523 1336 quartum?
565 1259 769 1316 Arare.
854 1256 952 1330 Et,
996 1277 1133 1315 eum
1175 1258 1291 1330 ille,
1335 1259 1434 1334 qui
1475 1259 1799 1334 quaesierat,
1833 1268 1895 1318 10

211 1357 472 1428 dixisset,
537 1355 705 1419 Quid
774 1354 1082 1412 soenerari'l
1152 1366 1275 1412 tum
1341 1356 1507 1428 Cato,
1578 1356 1803 1419 “Quid

213 1454 566 1525 hominem‚''
619 1452 822 1529 inquit,
880 1452 1301 1510 “occideret”
1406 1453 1497 1511 Ex
1550 1473 1685 1529 quc,
1743 1465 1802 1512 et

212 1552 408 1612 multis
450 1550 596 1622 aliis,
640 1549 884 1627 intelligi
928 1549 1120 1621 debet,
1151 1549 1464 1606 utilitatum
1508 1569 1804 1625 eompara-

212 1650 405 1708 tiones
444 1648 571 1707 fieri
611 1648 816 1718 solere,
846 1656 1119 1721 recteque
1162 1647 1274 1703 hoe
1312 1646 1646 1722 adjunctum
1674 1666 1801 1706 esse

212 1756 481 1823 quartum
510 1744 995 1821 exquirendorum
1020 1742 1344 1801 officiorum
1374 1762 1574 1819 genus.
1834 1753 1895 1802 15

292 1842 413 1901 Sed
467 1852 594 1900 toto
647 1842 762 1899 hoe
816 1840 889 1897 de
942 1857 1177 1916 genere,
1229 1838 1302 1896 de
1351 1839 1681 1913 quaerenda,
1726 1840 1802 1898 de

213 1938 560 1999 collocanda
600 1937 873 2014 pecunia,
916 1936 1091 1993 etiam
1141 1935 1214 1991 de
1269 1934 1504 2006 utenda,
1548 1954 1802 1993 eommo-

213 2039 345 2097 dius
400 2057 434 2095 a
486 2034 831 2112 quibusdam
898 2032 1134 2110 optimis
1201 2032 1338 2089 viris
1405 2033 1477 2091 ad
1546 2033 1801 2092 medium

212 2135 430 2194 Janum
484 2131 839 2202 sedentibuS,
894 2149 1066 2206 quam
1125 2129 1197 2188 ab
1251 2130 1382 2187 ullis
1441 2130 1803 2207 philosophis

213 2232 333 2290 ulla
376 2232 437 2288 in
477 2228 697 2301 schola,
728 2227 1067 2304 disputatur.
1153 2227 1303 2285 Sunt
1342 2237 1538 2285 tamen
1567 2246 1639 2286 ea
1666 2247 1802 2305 cog·
1830 2238 1894 2289 20

213 2327 544 2387 noscenda:
585 2324 877 2401 pertinent
916 2324 1073 2382 enim
1118 2323 1190 2381 ad
1226 2323 1552 2395 utilitatem,
1583 2325 1656 2382 de
1685 2327 1799 2399 qua

214 2427 325 2485 hoo
376 2425 527 2482 libro
581 2422 934 2498 disputatum
989 2432 1092 2479 est.
1204 2420 1460 2497 Reliqua
1524 2421 1803 2499 deinceps

211 2539 639 2600 persequemur.
