2192 3517
324 191 437 252 144
994 203 1080 249 DE
1125 203 1418 251 omens,
1806 202 1871 264 [ι.
1906 203 1994 251 111.

408 348 706 408 mentariis
722 371 739 423 ς
786 352 1106 428 praesertim
1146 371 1281 412 cum
1321 351 1557 425 scribat,
1597 352 1822 412 nullum
1864 370 1992 412 esse

288 473 299 488 ·
405 449 601 508 locum
630 450 690 507 in
719 450 842 508 tota
869 449 1233 526 philosophia
1259 459 1379 508 tam
1405 451 1813 512 necessarium.

433 559 437 566 “
482 546 735 605 Minime
775 565 914 605 vero
968 545 1248 604 assentior
1291 545 1382 619 iis,
1424 546 1525 623 qui
1577 556 1813 624 negant,
1855 566 1989 608 eum

405 643 598 702 locum
638 664 691 703 .a
742 642 1001 702 Panaetio
1049 643 1519 720 pretermissum,
1568 644 1670 701 sed
1724 645 1990 703 consulto

350 743 382 792 5
405 740 710 813 relictum?
734 759 847 798 nec
895 740 1136 797 omnino
1188 720 1560 797 scribendum
1614 740 1810 813 fuisse,
1854 741 1990 816 quia

402 856 700 913 nunquam
725 846 922 913 posset
948 835 1168 894 utilitas
1195 855 1330 895 cum
1359 835 1659 894 honestate
1693 856 1985 915 pugnare:

405 934 477 991 de
531 954 644 1009 quo
703 934 943 991 alterum
1008 941 1202 1009 potest
1266 932 1480 991 habere
1546 932 1985 1005 dubitationem,

405 1031 871 1088 adhibendumne
925 1028 1099 1088 fuerit
1145 1028 1259 1087 hoc
1305 1048 1509 1106 genus,
1552 1029 1704 1106 quod
1745 1030 1805 1089 in
1837 1030 1988 1088 'divi-

403 1127 566 1184 sione
593 1127 836 1186 Panaetii
866 1126 1100 1185 tertium
1128 1137 1234 1201 est,
1266 1147 1339 1185 an
1365 1129 1535 1203 plane
1568 1128 1983 1188 omittendum:

316 1230 378 1281 10
405 1225 642 1281 alterum
698 1224 950 1282 dubitari
1003 1229 1124 1283 non
1175 1234 1386 1300 potest,
1443 1225 1582 1299 quin
1638 1243 1671 1282 a
1723 1223 1985 1283 Panaetio

402 1330 732 1396 susceptum
775 1321 868 1393 sit,
911 1322 1012 1379 sed
1068 1321 1351 1380 relictum.
1434 1321 1590 1380 Nam
1632 1322 1731 1397 qui
1770 1340 1804 1380 e
1844 1322 1986 1379 divi-

401 1404 567 1476 sione
606 1418 890 1493 tripertita
930 1418 1076 1476 duas
1116 1431 1307 1495 partes
1350 1418 1675 1491 absolverit,
1709 1418 1847 1477 huic
1887 1438 1986 1476 ne-

401 1533 564 1574 cesse
591 1525 680 1572 est
706 1526 924 1573 restare
964 1515 1210 1573 tertiam.
1294 1515 1599 1588 Praeterea,
1630 1515 1690 1573 in
1731 1525 1985 1573 extremo

399 1610 550 1670 libro
589 1612 781 1684 tertio,
812 1612 887 1670 de
926 1613 1037 1671 hac
1075 1623 1238 1690 parte
1278 1613 1585 1689 pollicetur
1618 1632 1680 1669 se
1709 1609 1984 1689 deinceps

308 1721 371 1772 15
400 1727 527 1766 esse
556 1709 864 1772 dicturum.
1697 1773 1708 1788 ἱ

480 1806 734 1865 Accedit
761 1807 964 1865 eodem
990 1793 1156 1865 'testis
1184 1806 1462 1882 locupleS,
1491 1805 1856 1878 Posidonius,
1885 1806 1984 1881 qui

400 1904 577 1964 etiam
618 1905 820 1962 scribit
874 1904 935 1964 in
977 1904 1225 1979 quadam
1279 1903 1543 1980 epistola,
1585 1902 1649 1962 P.
1692 1903 1984 1961 Rutilium
2083 1969 2088 1974 0

400 2000 627 2058 Rufum
655 2000 851 2058 dicere
878 2001 1096 2072 solere,
1128 2001 1224 2076 qui
1253 2000 1575 2058 Panaetium
1614 2000 1891 2072 audierat,
1921 2011 1986 2058 ut

399 2115 573 2155 nemo
623 2098 811 2174 pictor
864 2107 1016 2155 esset
1070 2097 1357 2168 inventus,
1406 2097 1508 2172 qui
1554 2097 1694 2156 Coae
1737 2097 1987 2155 Veneris

307 2208 370 2258 20
398 2212 528 2254 eam
555 2203 795 2270 partem,
819 2212 991 2269 quam
1013 2192 1251 2270 Apelles
1278 2192 1608 2254 inchoatam
1637 2193 1983 2268 reliquisset,

402 2290 722 2348 absolveret
746 2290 893 2367 (oris
916 2291 1070 2348 enim
1096 2289 1471 2366 pulchritudo
1490 2289 1697 2365 reliqui
1726 2290 1986 2366 corporis

400 2387 666 2446 imitandi
707 2406 867 2463 spem
906 2388 1264 2470 auferebat);
1307 2387 1394 2444 sic
1421 2406 1511 2459 ea,
1539 2407 1666 2463 quae
1694 2386 1987 2445 Panaetius

399 2484 877 2565 praetermisisset,
899 2494 957 2541 et
988 2495 1108 2542 non
1127 2483 1485 2561 perfecisset,
1505 2494 1738 2561 propter
1759 2502 1984 2556 eorum,

401 2601 529 2659 quae
554 2579 914 2659 perfecisset,
941 2580 1352 2656 praestantiam,
1382 2579 1673 2640 neminem
1706 2599 1831 2637 esse
1858 2598 1988 2656 per-

311 2696 375 2745 25
404 2692 681 2739 secutum.

424 2917 428 2922 -
485 2874 598 2934 ΙΙΙ.
638 2874 1036 2937 Quamobrem
1077 2873 1152 2931 de
1187 2871 1411 2949 judicio
1450 2870 1693 2930 Panaetii
1734 2868 1988 2929 dubitari
