2192 3517
360 186 448 250 Β
1028 198 1118 248 ns
1154 197 1454 248 ommis.
1907 197 2051 260 ιιι

536 346 760 407 XLIV.
803 348 1000 425 Atque
1040 347 1146 422 illi,
1173 368 1414 426 quorum
1456 347 1651 407 studia
1674 356 1905 424 vitaque
1931 366 2056 408 om·

458 445 552 503 nis
591 445 653 504 in
684 464 884 503 -rerum
927 445 1268 524 cognitione
1310 455 1535 504 versata
1586 454 1695 518 est,
1736 456 1931 504 tamen
1981 444 2053 503 ab

462 544 743 620 augendis
772 544 1073 604 hominum
1115 543 1461 602 utilitatibus
1489 552 1549 600 et
1576 543 1895 601 commodis
1932 562 2051 601 non

460 649 843 700 recesserunt.
926 640 1082 699 Nam
1131 651 1208 699 et·
1243 640 1614 699 erudiverunt
1666 640 1898 713 multos,
1935 659 2054 716 quo

396 747 433 796 5
461 738 730 796 meliores
771 738 948 811 civeS,
991 739 1365 814 utilioresque
1405 738 1579 795 rebus
1632 738 1753 795 suis
1800 738 2053 814 publicis

461 845 699 908 essent3
780 845 843 894 ut
916 835 1272 893 Thebanum
1337 835 1809 912 ‘Epaminondam
1886 835 2055 912 Lysis

461 933 878 1010 Pythagoreus,
922 933 1298 1008 Syracusium
1340 932 1590 990 Dionem
1637 931 1822 1004 Plato,
1866 933 2055 990 multi-

460 1049 574 1106 que
613 1019 859 1088 multos:
902 1049 1125 1106 nosque
1162 1030 1292 1106 ipsi,
1319 1030 1602 1107 quidquid
1644 1030 1718 1088 ad
1745 1030 2057 1106 rempubli-

462 1146 595 1185 cam
650 1127 964 1200 attulimus,
1008 1126 1085 1205 (si
1141 1111 1317 1186 modo
1372 1127 1590 1203 aliquid
1644 1128 1970 1207 attulimus)
2024 1149 2057 1187 a

368 1225 433 1278 10
462 1224 801 1309 doctoribus
843 1236 1012 1303 atque
1050 1245 1090 1283 a
1129 1224 1397 1284 doctrina
1441 1223 1732 1296 instructi,
1776 1225 1848 1283 ad
1902 1244 2054 1298 eam,

459 1332 520 1379 et
559 1322 767 1393 ornati,
810 1324 1181 1382 accessimus.
1265 1322 1474 1400 Neque
1513 1323 1702 1381 solum
1739 1323 1852 1381 vivi
1879 1333 2056 1399 atque

459 1427 775 1495 praesentes
847 1421 1132 1479 studiosos
1205 1420 1470 1479 discendi
1538 1420 1814 1481 erudiunt
1881 1433 2076 1500 atque*

462 1516 710 1587 docent3
787 1518 888 1575 sed
958 1518 1073 1577 hoc
1142 1518 1295 1576 idem
1362 1518 1540 1578 etiam
1605 1529 1734 1595 post
1806 1528 2055 1576 mortem

460 1615 836 1674 monimentis
889 1616 1185 1674 literarum
1243 1626 1637 1692 assequuntur.
1721 1615 1855 1674 Nec
1893 1615 2054 1674 enim

370 1720 434 1771 15
461 1712 626 1771 locus
694 1713 844 1772 ullus
909 1714 1332 1789 praetermissus
1396 1722 1483 1774 est
1551 1713 1623 1771 ab
1677 1713 1769 1784 iis,
1823 1713 1925 1789 qui
1981 1712 2053 1771 ad

461 1809 641 1888 leges,
697 1810 797 1886 qui
854 1811 924 1870 ad
980 1830 1188 1883 mores,
1243 1810 1342 1886 qui
1398 1811 1466 1868 ad
1524 1810 1889 1887 disciplinam
1944 1811 2055 1869 rei-

460 1907 730 1984 publicae,
758 1908 1106 1983 pertineret3
1152 1917 1215 1965 ut
1240 1908 1421 1965 otium
1464 1926 1632 1966 suum
1677 1908 1749 1966 ad
1788 1917 2053 1966 nostrum
2124 1889 2142 1906 ⁹

461 2004 760 2080 negotium
830 2004 1149 2062 contulisse
1206 2004 1525 2062 videantur.
1636 2004 1731 2063 Ita
1783 2004 1866 2063 illi
1923 2006 2052 2082 ipsi,

460 2100 747 2158 docti-ime
771 2100 978 2158 studiis
1004 2108 1064 2157 et
1089 2100 1389 2176 sapientiae
1415 2101 1619 2170 dediti,
1650 2102 1722 2170 ad
1749 2103 2052 2164 hominum

362 2209 433 2260 2⁰
460 2197 766 2256 utilitatem
835 2218 998 2256 suam
1067 2197 1508 2277 intelligentiam
1571 2200 2053 2276 prudentiamque

457 2295 820 2371 potissimum
897 2296 1222 2356 conferunt.
1331 2295 1429 2356 Ob
1502 2316 1746 2374 eamque
1813 2317 2052 2357 causam

459 2392 654 2467 eloqui
722 2393 977 2470 copiose,
1031 2395 1207 2452 modo
1272 2395 1608 2472 prudenter,
1663 2395 1874 2454 melius
1939 2407 2050 2468 est,

456 2508 629 2565 quam
673 2490 759 2546 vel
805 2491 1137 2550 acutissime
1189 2492 1317 2550 sine
1369 2491 1701 2568 eloquentia
1755 2493 2049 2569 cogitat-<23

459 2586 615 2661 quod
670 2586 952 2664 cogitatio
1004 2588 1065 2645 in
1119 2607 1183 2646 se
1235 2589 1362 2665 ipsa
1416 2589 1674 2662 vertitur,
1721 2589 2053 2666 eloquentia

362 2693 433 2746 ὖ
460 2684 864 2761 complectitur
892 2704 1014 2757 eos,
1041 2685 1386 2760 quibuscum
1417 2687 1835 2745 communitate
1856 2686 2051 2764 juncti

452 2799 676 2840 sumus.
761 2782 973 2858 Atque,
1000 2791 1063 2839 ut
1106 2800 1278 2858 apum
1311 2782 1581 2841 examina
1606 2802 1726 2842 non
1753 2784 2052 2861 fingendo-

457 2897 588 2938 rum
618 2878 875 2940 savorum
904 2878 1082 2940 causa
1112 2888 1557 2958 congregantur,
1587 2881 1710 2954 sed,
1739 2899 1877 2940 cum
1910 2897 2051 2942 con-
