2192 3517
314 202 427 264 164
975 207 1062 261 nn
1105 215 1398 262 omens.
1787 213 1868 275 [1..
1888 211 1973 262 ἰιι
2149 0 2190 324 1

405 381 538 421 cum
579 362 775 421 Persis
812 363 944 437 fuit,
984 363 1130 422 dixit
1183 363 1244 421 in
1298 362 1603 435 concione,
1644 381 1709 421 se
1760 359 1977 420 habere

404 453 712 517 consilium
752 460 1082 536 reipublicae
1124 460 1388 533 salutare,
1417 459 1519 517 sed
1552 459 1612 517 id
1652 459 1789 517 sciri
1828 478 1977 536 opus

403 574 521 614 non
549 576 691 615 esse.
775 557 1109 630 Postulavit,
1139 567 1203 614 ut
1232 556 1476 632 aliquem
1508 557 1753 632 populus
1792 557 1972 629 daret,

403 653 637 727 quicum
706 654 1196 711 communicaret:
1271 652 1439 711 datus
1508 662 1596 710 est
1668 653 1970 712 Aristides.

335 757 368 805 5
402 748 562 807 Huic
604 750 719 822 ille,
763 750 1000 807 classem
1046 749 1632 822 Lacedaemoniorum,
1674 769 1801 825 quae
1842 752 1974 810 sub-

401 845 578 904 ducta
623 856 776 905 esset
817 847 886 904 ad
926 846 1236 922 Gytheum,
1280 846 1717 928 clamsincendi
1767 865 1970 923 posse3

401 962 515 1017 quo
545 942 698 1000 facto
734 943 923 1019 frangi
964 942 1538 1016 Lacedaemoniorum
1565 961 1706 1019 opes
1731 963 1973 1003 necesse

398 1050 585 1114 esset..
644 1039 826 1101 Quod
874 1039 1163 1098 Aristides
1218 1057 1352 1096 cum
1408 1038 1677 1111 audisset,
1720 1040 1779 1097 in
1834 1058 1973 1098 con·

399 1134 627 1208 cionem
680 1135 891 1211 magna
954 1136 1384 1210 exspectatione
1435 1136 1624 1207 venit3
1692 1136 1969 1212 dixitque,

309 1241 368 1292 ,ο
395 1230 639 1304 perutile
691 1249 819 1290 esse
859 1232 1187 1303 consilium,
1229 1231 1382 1307 quod
1424 1232 1851 1291 Themistocles
1891 1233 1971 1291 af-

395 1325 588 1396 ferret,
619 1327 720 1382 sed
746 1327 985 1386 'minime
1019 1327 1342 1386 honestum.
1425 1328 1626 1404 Itaque
1652 1327 1971 1387 Athenien·

395 1440 506 1493 ses,
545 1423 697 1497 quod
739 1422 1041 1482 honestum
1083 1443 1202 1482 non
1243 1435 1413 1497 esset,
1441 1425 1510 1483 id
1551 1443 1626 1482 ne
1666 1425 1805 1483 utile
1847 1425 1970 1501 qui-

395 1517 526 1575 dem
562 1528 910 1594 putaverunt
929 1525 947 1579 ε’
992 1531 1286 1597 totamque
1328 1541 1454 1580 eam
1496 1540 1638 1593 rem,
1681 1540 1851 1597 quam
1891 1539 1968 1580 ne

397 1613 698 1673 audierant
745 1616 997 1692 quidem,
1041 1628 1275 1676 auctore
1315 1618 1592 1690 Aristide,
1634 1617 1969 1693 repudiave-
2017 1687 2024 1696 .

302 1724 366 1775 15
389 1695 545 1770 runt.
630 1711 845 1771 Melius
885 1714 965 1784 hi,
1008 1729 1174 1790 quam
1215 1733 1339 1786 nos,
1374 1714 1471 1790 qui
1509 1713 1723 1791 piratas
1766 1714 1969 1772 immu-

395 1826 520 1882 nes,
549 1809 738 1868 socios
765 1811 1092 1888 vectigaleS,
1123 1811 1415 1870 habemus.

472 2002 614 2060 XII.
659 2002 897 2061 Maneat
948 2021 1107 2080 ergo,
1151 2005 1304 2080 quod
1356 2014 1521 2080 turpe
1574 2003 1666 2075 sit,
1708 2003 1767 2061 id
1791 2023 1798 2030 ’
1819 2022 1968 2061 nun-

391 2116 560 2172 quam
602 2113 728 2162 esse
769 2098 928 2171 utile,
957 2109 1193 2157 ne-tum
1236 2100 1488 2178 quidem,
1515 2103 1658 2157 'cum
1699 2100 1778 2172 id,
1809 2100 1966 2175 quod

392 2211 519 2250 esse
559 2194 699 2251 utile
738 2204 923 2269 putes,
965 2195 1299 2271 adipiscare.
1383 2196 1517 2253 Hoc
1557 2196 1711 2254 enim
1752 2196 1963 2272 ipsum,

297 2301 361 2352 20
392 2289 532 2348 utile
557 2300 758 2365 putare
784 2292 935 2367 quod
964 2302 1127 2368 turpe
1155 2291 1246 2364 sit,
1278 2293 1673 2351 calamitosum
1701 2302 1806 2351 est.

472 2386 586 2443 Sed
618 2386 882 2445 incidunt
912 2386 1003 2465 (ut
1031 2408 1204 2464 supra
1232 2388 1378 2468 dixi)
1408 2407 1557 2465 saepe
1586 2408 1794 2459 causae,
1824 2405 1965 2447 cum

392 2493 711 2559 repugnare
752 2484 968 2541 utilitas
992 2485 1281 2542 honestati
1320 2486 1542 2544 videtur
1560 2505 1574 2556 ;
1617 2495 1681 2542 ut
1709 2485 1967 2544 animad-

390 2578 724 2636 vertendum
766 2579 859 2652 sit,
888 2592 1246 2658 repugnetne
1284 2582 1473 2657 plane,
1494 2583 1577 2640 ‘an
1616 2582 1796 2659 possit
1824 2601 1963 2641 cum

390 2665 687 2753 honestate
715 2677 1007 2754 conjungi.
1089 2677 1233 2754 Ejus
1258 2679 1487 2755 generis
1515 2679 1602 2736 hae
1630 2688 1763 2737 sunt
1781 2697 1964 2755 quaes-

295 2784 359 2833 25
392 2770 612 2829 tiones:
668 2772 734 2828 Si
776 2769 1047 2849 (exempli
1103 2773 1313 2853 gratia)
1355 2774 1441 2831 vir
1481 2775 1667 2832 bonus
1708 2775 1965 2833 Alexan-

391 2865 516 2923 dria
557 2866 832 2925 Rhodum
880 2887 1152 2945 magnum
1200 2869 1488 2930 frumenti
1518 2889 1820 2933 numerum
1865 2871 1962 2929 ad·

388 2962 608 3019 vexerit
634 2961 695 3020 in
724 2963 1085 3021 Rhodiorum
1115 2964 1310 3040 inopia
1337 2975 1396 3023 et
1421 2966 1591 3039 fame,
1620 2966 1962 3044 summaque

492 3139 537 3164 ὀ

2167 331 2190 578 1
