2192 3517
196 230 253 278 ι..
273 230 310 277 1.
312 232 335 291 J
356 259 363 266 -
784 233 871 280 DE
908 233 1203 281 ossacus,
1793 222 1874 283 6⁷

191 390 282 437 est
324 400 545 454 eorum,
575 382 693 458 qui,
726 394 824 441 aut
859 384 1198 442 excellentis
1234 381 1456 460 ingenii
1493 380 1780 459 magnitu-

191 476 353 550 dine,
399 490 498 536 aut
549 480 829 555 praeclara
883 480 1210 543 eruditione
1267 489 1435 554 atque
1487 478 1777 551 doctrina,

193 585 296 632 aut
324 576 566 652 utraque
594 595 656 634 re
686 578 894 649 ornati,
919 578 1166 653 spatium
1188 576 1545 662 deliberandi
1566 576 1782 638 habue-

191 682 350 742 runt,
374 691 542 746 quem
563 673 1072 749 potissimumvitae
1095 692 1328 731 cursum
1351 672 1512 748 sequi
1533 667 1777 730 vellent:

191 757 254 826 in
285 771 400 844 qua
430 770 864 843 deliberatione,
896 771 968 830 ad
996 790 1159 829 suam
1189 770 1469 847 cujusque
1510 780 1778 827 naturam
1809 777 1843 825 5

192 866 504 924 consilium
533 878 621 930 est
648 887 820 925 omne
848 868 1249 926 revocandum.
1333 866 1510 938 Nam,
1541 857 1707 943 cumJ'
1719 867 1780 924 in

192 964 464 1022 omnibus
492 983 618 1041 quae
650 975 916 1041 aguntur,
946 985 1017 1024 ex
1061 984 1134 1022 eo
1177 965 1351 1022 modo
1389 983 1503 1038 quo
1538 961 1781 1038 quisque

191 1070 366 1118 natus
390 1071 501 1134 est,
536 1062 627 1139 (ut
669 1081 842 1137 supra
869 1063 1091 1120 dictum
1120 1064 1235 1142 est)
1266 1062 1410 1137 quid'
1434 1063 1657 1131 deceat,
1687 1079 1783 1117 ex-

154 1218 159 1222 ,
193 1157 510 1233 quirimus;
554 1169 675 1216 tum
720 1160 779 1217 in
820 1160 945 1216 tota
989 1159 1107 1216 vita
1141 1158 1568 1229 constituenda3
1597 1157 1781 1214 multo

191 1265 281 1313 est
322 1274 469 1313 cura
508 1256 686 1333 major
733 1256 1077 1327 adhibenda,
1122 1266 1184 1313 ut
1229 1266 1495 1313 constare
1540 1254 1601 1311 in
1651 1254 1778 1312 vitae
1811 1263 1872 1313 10

192 1352 579 1428 perpetuitate
608 1352 895 1427 possimus
921 1353 1211 1431 nobismet
1240 1352 1399 1428 ipsis»,
1429 1370 1541 1408 nec
1570 1351 1630 1408 in
1659 1350 1780 1410 ullo
1825 1407 1832 1412 ,

190 1449 387 1510 officio
416 1448 765 1508 claudicare.
1587 1463 1590 1466 “

271 1545 371 1602 Ad
417 1545 569 1604 hanc
613 1555 803 1603 autem
831 1546 1138 1617 rationem,
1169 1545 1442 1621 quoniam
1471 1544 1781 1601 maximam

192 1641 310 1698 vim
353 1652 560 1699 natura
601 1641 801 1714 habet,
826 1642 1058 1700 fortuna
1089 1641 1439 1718 proximam3
1484 1641 1782 1715 utriusque

193 1737 437 1795 omnino
477 1739 626 1796 ratio
673 1739 942 1797 habenda
987 1749 1083 1804 cst⁷
1119 1738 1181 1796 in
1222 1738 1528 1821 deligendo
1569 1756 1782 1815 genere
1814 1739 1875 1802 15

193 1835 359 1904 vitae;
404 1834 507 1892 sed
549 1845 768 1894 naturae
805 1816 1021 1911 magia:
1064 1834 1250 1892 multo
1287 1834 1441 1891 enim
1467 1842 1533 1891 'et
1565 1833 1782 1891 firmior

193 1942 303 2002 est,
334 1941 392 1989 et
421 1929 778 1992 constantior
801 1952 816 2003 3
862 1941 924 1989 ut
952 1931 1183 1989 fortuna
1202 1949 1636 2005 nonnunquam,
1660 1940 1785 1987 tan·

193 2048 370 2105 quam
407 2029 534 2103 ipsa
568 2029 846 2101 mortalis,
877 2048 1012 2086 cum
1051 2028 1359 2086 immortali
1394 2021 1619 2085 natura‘
1642 2046 1784 2104 pug·
1835 2053 1844 2064 ·

193 2145 337 2184 nare
380 2125 658 2182 videatur.
738 2125 865 2187 Qui
911 2126 1108 2203 igitur¹
1134 2126 1203 2183 ad
1251 2139 1468 2183 naturae
1506 2145 1623 2182 suoe
1660 2144 1779 2182 non

194 2222 417 2280 vitlosae
446 2214 628 2299 genus
658 2222 964 2280 consilium
994 2222 1224 2279 vivendi
1251 2238 1423 2280 omne
1452 2221 1780 2293 contulerit,
1812 2230 1876 2279 20

194 2319 245 2377 is
286 2315 671 2377 constantiam
708 2329 902 2376 teneat
934 2317 1020 2395 (id
1065 2319 1221 2375 enim
1271 2318 1517 2375 maxime
1562 2319 1780 2397 decet),

193 2415 310 2474 nisi
364 2414 509 2473 sorte
564 2434 626 2472 se
682 2415 1029 2474 intellexerit
1089 2416 1313 2472 errasse
1363 2413 1422 2470 in
1472 2413 1782 2490 deligendo

193 2531 411 2590 genere
455 2512 600 2571 vitae.
682 2512 864 2575 Quod
909 2512 960 2569 si
1002 2511 1286 2570 acciderit
1331 2511 1546 2589 (potest
1591 2521 1822 2578 autem,

196 2609 518 2689 accidere),
550 2610 820 2670 facienda
845 2629 1070 2666 morum
1116 2609 1624 2684 institutorumque
1663 2625 1788 2663 mu-

193 2707 338 2788 tatio
386 2716 491 2764 est.
574 2707 722 2768 Eam
765 2701 1169 2781 mutat-ionem,
1214 2707 1263 2764 si
1316 2716 1579 2781 tempora
1628 2706 1788 2781 adju«
1813 2712 1877 2760 25

194 2804 432 2875 vabunt,
491 2802 720 2861 facilius
780 2803 1253 2877 commodiusque
1315 2802 1632 2859 faciemus:
1692 2802 1782 2858 sin

197 2900 413 2973 minue,
460 2900 675 2958 sensim
715 2900 825 2958 erit
863 2899 1332 2976 pedetentimque
1378 2897 1675 2967 facienda;
1721 2908 1784 2955 ut

197 2997 504 3069 amicitiae,
549 3015 676 3073 quae
721 2995 913 3055 minus
966 2997 1279 3069 delectent,
1319 3004 1378 3053 et
1425 2994 1616 3052 minus
1657 3012 1784 3070 pro-
