2192 3517
357 178 471 237 174
1022 183 1109 233 DE
1154 184 1443 232 ormcns.
1829 184 1906 243 [L.
1917 183 1998 250 jn„

441 336 718 407 tabulam,
747 345 1019 410 tanquam
1057 335 1308 412 plagam,
1343 352 1544 410 ponae,
1573 333 1807 392 domum
1849 350 2004 409 prop-

443 443 529 491 ter
559 432 695 490 vitia
722 433 987 503 vendasgr
1010 432 1068 489 iu
1101 451 1229 489 eam
1272 430 1476 505 aliquis
1517 431 1774 488 incurrat
1809 430 2005 506 impru-

443 513 625 587 den-s?
708 530 842 587 Hoc
881 548 1206 605 quanquam
1246 528 1433 598 viden,
1473 536 1701 603 propter
1750 528 2005 603 deprava·

443 627 658 684 tionem
702 625 1157 697 eonsuetudiniS,
1186 643 1374 700 neque
1402 643 1560 682 more
1589 635 1753 700 turpe
1793 625 2004 698 haberi,

381 729 414 776 5
445 744 633 800 neque
675 735 771 782 aut
809 725 939 801 lege
985 722 1218 794 sanciri,
1262 732 1359 780 aut
1406 722 1535 798 jure
1576 722 1764 791 civili3
1820 733 2005 780 tamen

443 805 663 879 nassurae
704 821 1157 899 legesancitum
1197 828 1299 877 est.
1384 809 1643 904 Soeietas
1696 819 1853 878 enim
1905 829 2005 890 est,

444 916 645 994 (quod,
687 918 797 974 etsi
836 936 985 991 saepe
1032 916 1255 974 dictum
1306 924 1413 987 est,
1456 915 1766 973 dicendum
1820 925 2007 973 tamen

445 1024 531 1071 est
570 1012 805 1091 saepius)
849 1012 1124 1071 latissime
1163 1011 1396 1087 quidem
1431 1030 1557 1086 quae
1593 1021 1803 1087 pateat,
1836 1012 2009 1069 homi-

443 1128 582 1167 num
611 1110 757 1166 inter
787 1110 1079 1179 homines;
1125 1109 1361 1166 interior
1389 1127 1608 1179 eorum,
1632 1109 1728 1184 qui
1756 1109 2008 1184 ejusdem

353 1212 415 1261 10
443 1206 632 1283 gentis
669 1215 832 1275 sunt3
876 1205 1105 1282 propior
1139 1197 1362 1277 eorum,
1399 1205 1496 1281 qui
1525 1204 1780 1282 ejusdem
1821 1204 2013 1264 civita-

443 1301 532 1358 tis,
618 1301 818 1376 Itaque
844 1301 1091 1377 majores
1122 1300 1277 1358 aliud
1311 1302 1405 1377 jus
1432 1301 1711 1377 gentium,
1743 1302 1899 1359 aliud
1920 1301 2012 1378 jus

442 1398 632 1468 civile,
674 1416 799 1454 esse
841 1398 1156 1456 voluerunt.
1237 1396 1419 1457 Quod
1470 1397 1660 1469 civile,
1699 1413 1818 1455 non
1861 1397 2015 1468 idem

444 1495 722 1551 continuo
761 1493 1053 1571 geritium3
1111 1494 1266 1568 quod
1294 1485 1498 1551 ‘autem
1538 1494 1818 1571 gentium,
1860 1495 2013 1552 idem

351 1634 361 1658 Ἰ,
444 1590 613 1648 civile
654 1609 780 1648 esse
822 1590 1008 1647 debet.
1093 1590 1210 1647 Sed
1240 1607 1343 1648 nos
1370 1589 1488 1647 veri
1510 1590 1677 1665 juria,
1704 1609 2016 1667 germana>-

351 1698 412 1747 15
442 1706 553 1764 que
587 1686 844 1766 justitiae,
874 1687 1117 1747 solidam
1145 1695 1203 1743 et
1234 1689 1557 1764 expressam
1599 1687 1850 1763 effigiem
1890 1688 2016 1745 nul·

440 1786 555 1844 lam
595 1795 890 1862 tenemus:
933 1783 1135 1849 umbra
1164 1792 1222 1841 et
1250 1783 1598 1861 imaginibus
1626 1784 1872 1842 utimur:
1915 1804 2018 1843 eas

440 1883 594 1959 ipsas
661 1882 880 1939 utinam
946 1881 1345 1955 sequeremur!
1417 1881 1677 1938 feruntur
1732 1882 1885 1938 enim
1945 1902 2016 1940 ex

439 1980 672 2056 optimis
737 1988 956 2035 naturae
1021 1987 1079 2035 et
1136 1976 1388 2035 veritatis
1456 1978 1779 2054 exemplis,-
1856 1978 2018 2037 Nam

439 2075 636 2148 quanti
687 2074 857 2131 verba
905 2072 1005 2130 illa
1050 2071 1208 2129 “Uti
1250 2091 1343 2145 ne,
1384 2083 1615 2149 propter
1663 2082 1720 2130 te
1767 2074 2020 2133 fidemve

347 2178 409 2228 20
439 2181 615 2242 tuam,
664 2152 867 2245 eaptus
914 2169 1277 2227 fraudatusve
1331 2169 1553 2227 siem!’'
1609 2191 1612 2200 ·
1659 2169 1860 2231 Quam
1919 2171 2020 2229 illa

440 2286 633 2339 aurea,
676 2266 810 2325 “Ut
851 2267 1000 2345 iuter
1041 2266 1224 2323 bonos
1277 2265 1424 2323 bene
1471 2266 1627 2343 agier
1668 2278 1913 2342 opor-tet,
1959 2279 2024 2326 et

438 2363 563 2421 sine
592 2363 949 2421 fraudatione
969 2364 982 2420 !
999 2364 1032 2390 ”
1837 2349 1841 2353 ¹

518 2460 656 2533 Sed,
686 2461 783 2535 qui
826 2460 941 2517 sint
971 2466 1007 2493 “
1028 2459 1225 2533 boni,''
1258 2469 1315 2517 et
1344 2459 1480 2535 quid
1518 2459 1593 2517 sit
1622 2467 1657 2493 “
1679 2461 1827 2517 bene
1858 2462 2021 2537 agi,'’

438 2576 649 2634 magna
688 2557 925 2632 quoestio
959 2566 1061 2615 est.
1144 2556 1225 2618 Q.
1255 2557 1488 2632 quidem
1517 2557 1797 2627 Soaevola,
1825 2559 2029 2632 ponti·

345 2668 409 2717 25
439 2654 533 2713 sex
583 2652 882 2725 maximae,
939 2671 1221 2711 summam
1288 2653 1402 2710 vim
1470 2653 1702 2711 dicebat
1767 2672 1899 2734 esse
1961 2655 2027 2713 in

439 2750 708 2808 omnibus
749 2749 819 2807 iis
860 2750 1129 2822 arbitriiS‚
1171 2750 1232 2807 in
1273 2749 1482 2824 quibus
1525 2749 1850 2821 adderetur,
1887 2757 2031 2809 “ex

439 2846 552 2905 fide
593 2847 742 2906 bonfi
763 2848 824 2905 :’'
883 2846 1132 2931 fideique
1172 2846 1338 2904 bonae
1393 2865 1606 2904 nomen
1650 2846 2033 2905 existimabat

439 2962 673 3002 manare
711 2942 1008 3016 latissime,
1038 2942 1213 3018 idque
1254 2944 1464 3001 versari
1499 2943 1559 3001 in
1587 2943 1801 3016 tuteli8‚
1832 2944 2035 3003 socie-
