2192 3517
315 179 394 237 62
985 187 1072 234 DE
1107 180 1397 233 owlcns.
1841 187 1922 247 [1,.
1947 188 1992 234 1.

412 336 613 411 aperti,
637 336 736 432 qui
765 335 906 394 nihil
931 355 1003 396 ex
1026 336 1280 408 occultu,
1302 335 1445 393 nihil
1470 354 1542 392 ex
1561 335 1789 393 insidiis
1812 355 1993 414 agen·

408 433 547 490 dum
586 442 811 508 putant,
850 432 1108 491 veritatis
1149 432 1419 504 cultores,
1461 432 1678 500 fraudis
1719 433 1989 495 inimici:

412 528 662 603 itemque
693 529 808 600 alii,
837 529 934 604 qui
975 528 1200 603 quidvis
1237 528 1648 604 perpetiantur,
1678 529 1863 588 cuivis
1890 529 1994 587 de-

411 625 682 695 serviant,
731 624 888 693 dum,
942 624 1111 702 quod
1149 624 1346 697 velint,
1400 631 1882 700 consequantur,
1920 613 1993 683 ut

349 733 382 779 5
414 720 588 778 Sullae
629 719 712 786 M.
757 721 1029 780 Crassum
1066 719 1436 791 videbamus3
1463 797 1464 802 ἵ
1488 719 1731 812 (quofin
1772 740 1994 797 genere

308 885 311 886 7
363 856 366 859 ⁴
411 818 861 875 versutissimum
890 827 952 873 et
973 816 1453 893 patientissimum
1477 816 1990 878 Lacedaemonium

413 914 772 990 Lysandrum
803 912 1152 988 accepimus,
1182 922 1498 987 contraque
1531 913 1989 987 Callicratidan,

415 1009 513 1084 qui
563 1007 867 1085 praesectus
910 1008 1080 1065 classi
1122 1009 1417 1085 proximus
1455 1017 1586 1085 post
1625 1009 1992 1084 Lysandrum

414 1106 550 1185 fuit)
574 1106 824 1182 itemque
853 1105 912 1163 in
941 1105 1323 1178 sermonibus,
1349 1105 1543 1177 alium,
1566 1106 1821 1182 quamvis
1846 1126 1993 1181 prae-

326 1222 387 1270 10
413 1210 620 1277 potens
659 1202 751 1273 sit,
780 1202 1033 1272 efficere,
1057 1212 1123 1259 ut
1149 1220 1299 1260 unus
1325 1203 1398 1260 de
1426 1202 1621 1262 multis
1646 1220 1772 1260 esse
1798 1202 1992 1259 videa·

416 1308 541 1356 tur:
600 1298 752 1374 quod
800 1299 861 1357 in
917 1299 1145 1371 Catulo,
1188 1308 1247 1356 et
1301 1298 1368 1356 in*
1411 1309 1593 1376 patre,
1634 1309 1692 1357 et
1749 1300 1807 1356 in
1848 1299 1989 1371 filio,

418 1391 683 1470 idemque
712 1395 772 1452 in
796 1392 878 1458 Q.
910 1394 1116 1453 Mucio
1143 1394 1402 1468 Mancia,
1432 1395 1693 1455 vidimus,
1771 1396 1991 1464 Audivi

417 1510 490 1548 ex
516 1492 825 1569 majoribus
854 1502 1013 1563 natu,
1035 1492 1147 1550 hoc
1170 1493 1319 1549 idem
1343 1492 1517 1556 fuisse
1539 1493 1599 1549 in
1621 1493 1684 1550 P.
1709 1493 1991 1568 Scipione

416 1586 670 1646 Nasica:
714 1598 1046 1664 contraque,
1088 1598 1308 1664 patrem
1353 1589 1495 1666 ejus,
1540 1588 1719 1660 illum,
1748 1588 1847 1665 qui
1888 1588 1990 1646 Ti.

327 1695 389 1745 15
416 1683 671 1766 Gracchi
711 1694 953 1746 conatus
991 1685 1248 1761 perditos
1261 1684 1610 1758 ’vindicavit,
1643 1686 1857 1744 nullam
1896 1703 1995 1742 co-

417 1780 672 1838 mitatem
702 1781 970 1839 habuisse
998 1783 1309 1840 sermonis:
1350 1801 1426 1839 ne
1452 1781 1843 1839 Xenocratem
1870 1781 1994 1857 qui·

419 1877 570 1950 dem,
626 1877 1048 1936 severissimum
1088 1878 1581 1954 philosophorum,
1626 1878 1703 1935 ob
1749 1896 1992 1953 eamque

417 1992 539 2030 rem
568 1973 748 2048 ipsam
777 1993 1046 2050 magnum
1074 1973 1408 2048 clarumque
1448 1973 1642 2031 fuisse.
1719 1973 1993 2030 Innume-

418 2069 629 2128 rabiles
657 2069 785 2126 aliae
810 2068 1310 2150 dissimilitudines
1337 2079 1472 2127 sunt
1497 2080 1716 2130 naturae
1745 2089 1992 2138 morum·

325 2177 389 2228 20
419 2183 549 2239 que,
579 2164 816 2221 minime
843 2163 1036 2222 tamen
1064 2163 1587 2241 vituperandorum.

497 2357 729 2416 XXXI.
774 2358 1108 2418 Admodum
1158 2370 1348 2417 autern
1394 2361 1664 2419 tenenda·
1699 2343 1833 2419 sunt
1887 2381 1992 2420 sua

418 2455 646 2530 cuique,
683 2474 809 2513 non„
840 2455 1065 2527 vitiosa,
1107 2455 1209 2513 sed
1250 2465 1442 2524 tamen
1480 2457 1730 2533 propria,
1759 2476 1875 2533 quo
1914 2458 1991 2515 fa·

417 2551 588 2609 cilius
615 2551 890 2608 decorum
931 2550 1094 2636 illud,
1121 2552 1276 2627 quod
1303 2552 1630 2629 quaerimus,
1659 2554 1986 2613 retineatur.

418 2648 520 2705 Sic
560 2646 715 2710 enim
755 2657 844 2708 est
896 2646 1246 2719 faciendum,
1288 2659 1370 2720 ut,
1412 2659 1616 2732 contra
1669 2650 1990 2710 universam

326 2751 390 2798 25
418 2731 700 2816 naturam,
740 2744 882 2802 nihil
925 2744 1377 2815 contendamus3
1420 2746 1491 2802 ea
1530 2754 1722 2811 tamen
1764 2766 1990 2804 conser-

417 2840 569 2913 vata,
597 2840 883 2916 propriam
923 2850 1188 2898 naturam
1229 2859 1569 2915 sequamut3
1613 2851 1698 2914 ut,
1727 2843 1901 2901 etiam
1940 2845 1992 2902 si

419 2937 535 2996 sint
562 2937 675 2996 alia
696 2936 963 3017 graviora
989 2947 1162 3013 atque
1183 2936 1442 3010 meliora,
1462 2948 1655 2996 tamen
1675 2957 1782 2999 nos
1801 2940 1990 2998 studia
