2192 3517
332 224 412 281 3⁰
959 231 1047 278 DE
1089 231 1382 279 ormcns.
1407 269 1414 272 ι
1856 231 1935 295 [L.
1963 232 2004 279 1.

418 379 591 456 hique
639 379 988 437 arbitramur
1035 400 1100 439 se
1150 381 1443 440 beneficos
1491 381 1551 439 in
1600 400 1732 439 suos
1783 380 2006 437 amicos

417 476 601 534 visum
640 476 730 549 iri,
758 477 807 534 si
847 477 1201 554 locupletent
1230 497 1329 538 eos
1355 479 1717 554 quacumque
1759 477 2000 534 ratione.

417 572 486 630 Id
537 583 725 630 autem
775 584 1000 651 tantum
1050 576 1211 633 abest
1253 576 1463 647 officio,
1512 585 1577 633 ut
1625 574 1767 632 nihil
1813 573 2003 649 magis

374 670 610 730 *officio
663 671 843 747 possit
896 690 1024 728 esse
1077 672 1447 730 contrarium.
1531 671 1867 729 Videndum
1908 680 2000 729 est

359 776 390 822 5
416 767 612 846 igitur,
642 777 704 824 ut
731 768 802 824 es
828 768 1174 828 liberalitate
1214 778 1461 839 utamur,
1490 785 1616 844 quae
1643 767 1825 843 prosit
1854 766 1999 824 ami-

415 863 521 935 ciS,
551 874 765 920 noceat
805 864 1040 921 nemini.
1123 864 1328 924 Quare
1357 863 1424 921 L.
1457 864 1653 935 Sullae,
1682 874 1740 921 et
1767 863 1836 919 C.
1868 862 1999 920 Cae-

415 960 578 1030 saris,
607 959 983 1035 pecuniarum
1022 959 1320 1017 translatio
1364 980 1410 1018 a,
1430 960 1603 1037 justis
1642 959 1888 1018 dominis
1918 960 1995 1018 ad

414 1056 634 1114 alienos
660 1075 775 1113 non
804 1056 977 1122 debet
995 1056 1252 1114 liberalis
1271 1058 1470 1115 videri.
1539 1057 1705 1114 Nihil
1723 1067 1814 1114 est
1834 1057 1993 1115 enim

411 1152 668 1223 liberale,
697 1152 850 1229 quod
879 1171 998 1210 non
1027 1154 1181 1211 idem
1204 1154 1439 1229 justum.
1469 1170 1478 1178 ’

324 1262 386 1310 10
489 1249 656 1328 Alter
683 1260 806 1307 erat
833 1248 999 1308 locus
1025 1249 1335 1322 cautionis,
1353 1270 1427 1307 ne
1449 1250 1778 1327 benignitas
1805 1249 1991 1326 major

410 1355 581 1417 esset,
624 1364 796 1422 quam
851 1345 1189 1403 facultates:
1247 1346 1421 1421 quod,
1465 1346 1563 1420 qui
1619 1346 1991 1422 benigniores

408 1441 606 1498 volunt
632 1460 757 1499 esse
791 1461 962 1517 quam
1004 1460 1096 1499 res
1133 1442 1366 1518 patitur,
1393 1442 1639 1518 primum
1668 1442 1728 1499 in
1758 1460 1829 1500 eo
1854 1460 1991 1518 pec-

326 1523 349 1536 *
409 1546 564 1607 cant,
613 1539 763 1613 quod
819 1538 1080 1615 injuriosi
1127 1548 1268 1596 suut
1318 1538 1377 1595 in
1431 1538 1734 1614 proximos.
1816 1536 1990 1599 Quas

407 1632 563 1692 enim
594 1634 788 1714 copias
828 1635 918 1692 his
959 1627 1017 1693 et
1057 1634 1409 1711 suppeditari
1451 1635 1671 1711 aequius
1697 1646 1788 1693 est
1815 1645 1874 1694 et
1901 1652 1990 1691 re-

320 1749 381 1797 15
405 1729 608 1806 linqui,
638 1752 736 1790 eas
778 1733 1133 1793 transferunt
1175 1734 1247 1791 ad
1288 1732 1518 1791 alienos.
1603 1733 1763 1790 Inest
1792 1742 1985 1791 autem

405 1826 465 1884 in
508 1827 609 1892 tali
636 1829 993 1888 liberalitate
1023 1831 1311 1907 cupiditas
1349 1831 1683 1905 plerumque
1723 1828 1986 1906 rapiendi

402 1933 462 1980 et
491 1911 788 1984 auferendi
826 1945 929 2002 per
959 1926 1245 2001 injuriam,
1276 1935 1339 1981 ut
1368 1925 1437 1981 ad
1466 1925 1827 2002 largiendum
1855 1945 1987 2001 sup·

402 2028 601 2093 petant
622 2021 819 2096 copiae.
890 2020 1108 2078 Videre
1135 2020 1308 2108 etiarn
1336 2020 1474 2078 licet
1500 2021 1801 2095 plerosque
1832 2020 1982 2097 (non

401 2123 518 2180 tam
558 2111 763 2172 natura
789 2115 1076 2187 liberales,
1107 2135 1279 2190 quam
1321 2115 1571 2190 quadam
1614 2116 1797 2192 gloria
1841 2117 1983 2174 duc-

314 2228 375 2277 20
402 2212 541 2287 tos),
584 2220 647 2268 ut
700 2212 945 2269 benefici
985 2212 1305 2283 videantur,
1351 2212 1543 2269 facere
1595 2212 1794 2284 multa,
1849 2233 1979 2288 quae

398 2306 687 2381 proficisci
719 2309 790 2365 ab
810 2309 1195 2380 ostentatione
1225 2308 1407 2385 magis
1429 2327 1597 2383 quam
1630 2329 1662 2365 a
1685 2309 1979 2370 voluntate

400 2402 716 2461 videantur.
799 2401 967 2464 Talis
1024 2413 1238 2462 autem·
1271 2404 1561 2461 simulatio
1604 2406 1838 2484 vanitati
1888 2417 1977 2464 est

402 2499 787 2574 conjunctior,
816 2517 993 2574 quam
1021 2512 1118 2558 aut
1156 2500 1488 2560 liberalitati
1526 2511 1625 2558 aut
1666 2495 1971 2561 honestati.

476 2594 742 2654 Tertium
793 2606 880 2653 est
932 2596 1306 2672 propositum,
1352 2606 1416 2654 ut
1470 2596 1530 2654 in
1577 2597 1972 2660 ‚beneficentia

310 2713 371 2761 π
399 2694 656 2751 delectus
696 2703 846 2751 esset
887 2691 1217 2770 dignitatis:
1261 2692 1322 2750 in
1362 2712 1477 2769 quo
1517 2704 1577 2751 et
1614 2713 1806 2752 mores
1845 2696 1973 2771 ejus

399 2800 567 2847 erunt
595 2791 914 2865 spectandi,
946 2790 1006 2847 in
1037 2808 1207 2866 quem
1238 2790 1586 2849 beneficium
1618 2792 1968 2865 conferetur,

397 2894 455 2943 et
495 2886 718 2943 animus
758 2905 898 2964 erga
936 2905 1062 2958 nos,
1105 2895 1164 2944 et
1204 2888 1588 2946 communitas
1616 2907 1685 2945 ac
1726 2890 1970 2948 societas

396 2981 545 3055 vitae,
573 2993 630 3041 et
659 2983 730 3041 ad
771 2996 994 3042 nostras
1032 2983 1310 3042 utilitates
1346 2983 1537 3042 officia
1563 2994 1694 3043 ante
1723 2986 1966 3045 collata:

2027 665 2058 696 ‘m
