2192 3517
277 158 392 260 τάξ
939 195 1028 244 ΒΕ
1070 181 1392 242 οπιοῐιε.·
1759 191 1841 253 [12.
1860 192 1953 239 111.

440 335 692 418 Deinde,
739 346 838 423 qui
895 346 1139 429 alterum
1192 345 1387 418 violat,
1429 354 1495 404 ut
1550 344 1671 421 ipse
1728 342 1962 420 aliquid-

360 444 655 503 eommodi
724 442 1129 520 consequatur,
1190 453 1288 501 aut
1338 441 1484 500 nihil
1539 457 1603 500 se
1656 440 1952 499 existimat

359 550 563 599 contra
614 550 878 600 naturam
931 540 1147 613 faeere,
1205 550 1303 598 aut
1353 538 1544 617 magis
1607 537 1947 617 fugiendam

357 647 558 695 censet
599 648 863 709 mortem,
904 646 1321 714 paupertatem,
1363 635 1643 708 dolorem,
1687 634 1950 694 amissio-

299 742 332 792 5
359 752 493 793 nem
521 734 696 793 etiam
733 731 1075 806 liberorum,
1094 733 1568 812 propinquorum,
1600 732 1944 806 amicorum,

358 850 531 907 quam
573 831 767 890 facere
808 830 1060 907 cuipiam
1102 830 1387 907 injuriam.
1470 829 1536 887 Si
1563 829 1708 888 nihil
1751 828 1968 887 existi--

357 940 477 987 mat
519 940 726 988 eontra
763 938 1029 986 naturam
1081 926 1208 985 fieri
1261 926 1596 985 hominibus
1637 925 1944 997 violandis,

358 1025 499 1102 quid
554 1044 689 1083 oum
742 1044 814 1082 eo
869 1025 1139 1098 disseras,
1201 1024 1596 1101 qui-omnino
1646 1022 1945 1083 huminem

357 1142 432 1181 ex
472 1122 706 1180 homine
743 1121 950 1180 tollat?
1057 1121 1165 1180 Sin
1220 1122 1561 1201 fugiendum
1600 1121 1661 1180 id
1708 1107 1944 1197 quidem

273 1227 330 1278 10
360 1228 577 1290 censet,
586 1218 708 1282 sed
738 1228 797 1276 et
823 1218 1009 1280 multo
1032 1218 1136 1277 illa
1162 1218 1380 1296 pejora,
1410 1228 1676 1291 mortem,
1703 1235 1945 1295 pauper-

354 1293 552 1386 tatem,
595 1313 888 1387 dolorem3
943 1325 1097 1374 errat
1150 1316 1211 1373 in
1266 1334 1358 1388 en,
1399 1315 1555 1392 quod
1609 1315 1790 1374 ullum
1845 1325 1944 1373 aut

357 1412 618 1489 eorporis
660 1422 769 1471 aut
796 1412 1041 1472 fortunae
1080 1412 1286 1472 vitium
1314 1413 1490 1471 animi
1518 1412 1672 1471 vitiis
1710 1412 1950 1491 gravius

350 1509 661 1570 existimat.
988 1519 1001 1530 ’

435 1704 541 1764 VI.
589 1706 750 1785 Ergo
790 1726 970 1765 unum
1012 1707 1186 1767 debet
1224 1725 1353 1765 esse
1393 1705 1663 1764 omnibus
1688 1723 1919 1782 proposi

268 1809 329 1859 15
357 1812 501 1876 tum,
530 1814 594 1862 ut
633 1804 838 1863 eudem
880 1804 954 1862 sit
996 1804 1211 1862 utilitas
1252 1803 1703 1880 uniuscujusque
1731 1814 1788 1860 et
1817 1802 1919 1861 uni

357 1919 652 1959 versorum
670 1921 687 1972 3
729 1917 898 1980 quum
942 1900 991 1958 ei
1036 1900 1106 1958 ad
1136 1919 1200 1958 se
1225 1899 1709 1976 quisquerapiut,
1739 1898 1943 1957 dissol-

358 2009 521 2055 vetur
550 1998 738 2055 omnis
764 1998 1017 2055 humana
1043 1997 1357 2058 consortio,
1441 1997 1656 2073 Atque,
1686 1996 1736 2054 si
1765 1996 1938 2054 etiam

356 2092 473 2150 hoo
500 2104 707 2151 natura
744 2092 1086 2169 praesoribit,
1117 2104 1182 2152 ut
1208 2093 1384 2151 homo
1411 2094 1652 2167 homini,
1682 2094 1919 2169 quicum

359 2205 470 2264 que
497 2190 589 2262 sit,
620 2190 696 2247 ob
723 2205 853 2247 eam
880 2190 1061 2266 ipsam
1096 2209 1352 2262 eausam,
1380 2192 1534 2267 quod
1563 2191 1613 2248 is
1640 2191 1816 2248 homo
1843 2189 1939 2263 sit,

262 2300 327 2351 20
357 2286 678 2343 consultum
706 2286 874 2358 velit;
917 2305 1159 2345 neeesse
1196 2296 1304 2359 est,
1334 2285 1653 2345 seeundum
1695 2285 1935 2344 eundem

353 2394 637 2455 naturam,
694 2384 952 2441 omnium
1007 2384 1314 2442 utilitatem
1367 2403 1524 2446 esse·
1554 2401 1919 2462 communem
2023 2443 2034 2456 ,

351 2479 529 2541 Quod
561 2479 623 2562 sir
639 2480 720 2538 ita
746 2488 852 2553 est,
877 2479 993 2538 unii
1021 2482 1390 2539 continemur
1417 2500 1619 2539 omnes
1646 2490 1705 2538 et
1732 2480 1938 2537 effidem

355 2576 486 2653 lege
513 2586 765 2634 naturae:
809 2577 982 2652 idque
1010 2578 1199 2654 ipsum
1227 2580 1276 2636 si
1306 2579 1388 2637 ita
1414 2577 1519 2651 est,
1543 2587 1700 2637 certe
1723 2577 1940 2635 violare

359 2674 596 2731 alterum
626 2673 756 2751 lege
783 2684 1002 2732 naturae
1028 2676 1417 2751 prohibemur.
1500 2677 1721 2734 Verum
1745 2684 1938 2733 autem

261 2772 327 2822 25
354 2770 636 2846 primum:
678 2789 874 2827 verum
905 2770 1081 2848 igitur
1110 2781 1169 2828 et
1197 2781 1531 2829 extremum.
1614 2770 1676 2828 N
1680 2791 1772 2829 am
1794 2770 1938 2829 illud

353 2866 584 2943 quidem
630 2867 938 2925 absurdum
979 2878 1085 2941 est,
1116 2868 1269 2944 quod
1310 2868 1542 2944 quidam
1583 2868 1808 2940 dieunt,
1840 2887 1939 2945 pa·

355 2963 504 3021 renti
533 2983 594 3022 se
624 2974 722 3022 aut
749 2964 908 3023 fratri
936 2965 1079 3021 nihil
1109 2966 1491 3039 detraeturOS,
1520 2964 1816 3023 commodi
1843 2964 1936 3024 sui
