2192 3517
302 180 381 240 70
992 194 1078 240 nr:
1121 191 1417 241 ormons.
1838 153 1919 254 [ιζ.
1942 187 1988 240 1.'

397 352 456 399 et
481 341 607 418 pari
635 357 770 400 cum
798 342 1022 399 civibus
1045 342 1174 419 jure
1196 343 1405 414 vivere,
1423 360 1612 419 neque
1629 341 1983 400 submioeum

397 449 456 495 et
485 438 791 515 abjectum,
820 458 1008 516 neque
1037 455 1100 496 se
1129 439 1496 497 efferentem:
1539 448 1663 496 tum
1692 439 1752 496 in
1773 439 1986 514 repub-

397 534 523 614 lica·
566 554 637 594 ea
679 536 845 605 velle,
890 556 1017 612 quae
1072 536 1383 611 tranquilla
1434 545 1493 593 et
1542 537 1785 594 honesta
1826 536 1979 593 sint:

397 632 572 694 talem
618 633 771 690 enim
814 643 872 689 et
913 634 1128 694 sentire
1177 634 1389 690 bonum
1432 632 1641 703 civem,
1665 643 1742 697 ,et
1781 632 1983 689 dicere

333 742 365 792 5
398 727 666 786 solemus.
748 727 1050 805 Peregrini
1086 738 1298 803 „autem
1347 738 1406 785 et
1460 728 1667 786 incolae
1722 727 1983 784 officium

397 833 504 895 est,
535 825 910 901 nihil‘praeter
955 843 1125 880 suum
1165 824 1467 901 negotium
1512 841 1702 899 agere,
1731 823 1874 880 nihil
1904 824 1983 879 de

400 921 589 980 alieno
634 921 956 996 anquirere,
987 920 1337 996 minimeque
1382 920 1441 980 in
1489 920 1677 978 aliena
1722 939 1849 977 esse
1894 939 1985 976 re-

346 1051 355 1060 ν
397 1017 632 1094 publica
670 1017 987 1092 curiosum„
1065 1016 1159 1074 Ita
1200 1017 1320 1074 fere
1363 1016 1557 1073 officia
1599 1017 1978 1092 reperientur,

397 1132 531 1171 cum
575 1122 879 1188 quaeretur,
921 1113 1057 1188 quid
1104 1114 1330 1184 deceat,
1373 1123 1431 1170 et
1478 1113 1615 1188 quid
1666 1123 1859 1189 aptum
1904 1112 1982 1170 sit

305 1223 364 1273 10
395 1210 671 1287 personis,
701 1207 1076 1284 temporibuS,
1102 1194 1383 1272 aetatibus,
1467 1209 1632 1267 Nihil
1654 1219 1743 1267 est
1765 1218 1979 1279 autem,

396 1306 550 1381 quod
572 1316 689 1363 tam
712 1305 934 1376 deceat,
957 1325 1151 1382 quam,
1182 1306 1240 1363 in
1269 1306 1428 1363 omni
1457 1313 1519 1362 re
1541 1306 1818 1386 gerenda,
1842 1324 1984 1363 con--

395 1403 639 1477 silioque
667 1402 971 1477 capiendo,
1002 1421 1229 1459 servare
1259 1403 1663 1461 constantiam.

476 1596 736 1655 XXXV.
781 1597 919 1669 Sed,
940 1588 1222 1672 quoniam
1241 1597 1520 1654 decorum
1543 1597 1684 1654 illud
1713 1597 1772 1654 in
1797 1598 1983 1655 omni·

349 1685 353 1690 ’
396 1692 504 1751 bus
544 1693 712 1752 factis
738 1704 797 1752 et
824 1694 1016 1766 dictis,
1047 1694 1107 1752 in
1150 1694 1405 1771 corporis
1445 1694 1692 1770 denique
1732 1706 1893 1751 motu
1920 1706 1984 1751 et

304 1797 366 1847 15
397 1800 571 1862 statu,
604 1792 878 1863 cernitur,
910 1779 1084 1867 idque
1112 1792 1365 1867 positum
1392 1802 1479 1848 est
1507 1791 1566 1847 in
1594 1791 1779 1848 tribus
1805 1790 1984 1848 rebus

400 1887 799 1962 (formositate,
828 1888 1287 1958 ordine,·ornatu
1333 1888 1404 1945 ad
1451 1885 1744 1944 actionem
1791 1890 1979 1967 apto),

397 1983 729 2060 difficilibus
751 1984 821 2041 ad
844 1983 1234 2064 eloquendum
1245 1983 1373 2061 (sed
1388 1984 1528 2041 satis
1541 1984 1652 2041 erit
1670 1984 1946 2064 intelligi)
1959 2006 1976 2055 ;

399 2079 459 2136 in
489 2079 578 2135 his
608 2090 799 2136 autem
827 2080 1012 2136 tribus
1040 2080 1371 2136 continetur
1391 2098 1549 2137 cura
1571 2080 1745 2138 etiam
1775 2081 1893 2151 illa,
1917 2092 1982 2140 ut

397 2175 732 2250 probemur
718 2195 809 2246 us
834 2174 1201 2250 quibuscum,
1225 2176 1373 2251 apud
1394 2195 1674 2253 quosque,
1693 2178 1979 2276 vivamus,

303 2261 367 2332 20
400 2271 489 2328 his
517 2290 740 2348 quoque
768 2273 840 2329 de
870 2273 1040 2329 rebus
1066 2291 1258 2349 pauca
1285 2272 1570 2332 dicantur.

477 2367 790 2443 PrincipiO,
822 2370 1078 2444 corporis
1107 2369 1289 2427 nostri
1319 2389 1588 2447 magnam
1616 2382 1825 2430 natura
1858 2373 1983 2449 ipsa

399 2464 620 2521 videtur
644 2464 910 2523 habuisse
932 2466 1216 2523 rationem
1236 2488 1249 2537 3
1294 2487 1421 2542 quae
1442 2467 1679 2528 formam
1700 2481 1980 2540 nostram,

290 2600 301 2618 .·
397 2561 791 2635 reliquamque
818 2561 1082 2637 figuram,
1115 2562 1173 2641 in
1203 2564 1316 2640 qua
1344 2574 1495 2621 esset
1523 2564 1747 2640 species
1776 2565 1984 2623 hones·-

398 2668 476 2728 ta,
526 2676 652 2713 eam
695 2657 885 2732 posuit
929 2658 987 2714 in
1031 2670 1337 2734 promptu:
1388 2680 1515 2735 quae
1554 2672 1745 2736 partes
1788 2673 1983 2726 autem

302 2765 366 2815 25
400 2753 673 2831 corporiS,
716 2754 786 2811 ad
825 2765 1045 2812 naturae
1087 2757 1491 2826 necessitatem
1534 2758 1699 2830 datae,
1745 2759 1986 2835 adspec-

398 2861 523 2909 tum
570 2861 763 2916 essent
811 2851 1128 2909 deformem
1183 2852 1462 2911 habiturae
1512 2864 1682 2929 atque
1730 2866 1981 2932 turpem,

397 2965 495 3010 eas
536 2948 794 3006 contexit
850 2959 1018 3023 atque
1061 2949 1298 3007 abdidit.
1384 2950 1555 3008 Hanc
1597 2962 1818 3010 natutae
1860 2963 1983 3012 tam
