2192 3517
318 220 399 279 66
979 228 1067 276 DE
1106 227 1397 276 omens·
1821 251 1828 258 ·
1847 228 1930 290 11..
1947 228 1993 277 1.

408 377 609 455 primis
667 388 859 438 autem
919 379 1390 438 constituendum
1436 390 1541 451 est,
1587 398 1730 454 quos
1774 399 1896 438 nos,
1928 390 1992 439 et

408 475 606 551 quales
646 495 772 534 esse
801 476 1062 550 velimuS,
1091 487 1151 536 et
1188 478 1248 535 in
1274 496 1388 554 quo
1414 496 1626 554 genere
1653 460 1818 534 vitae':
1849 496 1990 553 ‚quae

410 571 747 633 deliberatio
768 584 856 632 est
875 575 1136 633 omnium
1157 574 1510 632 difficillima.
1563 573 1809 632 Ineunte
1829 573 1988 631 enim

410 669 818 744 adolescentia,
854 686 988 730 cum
1028 683 1117 730 est
1157 672 1405 752 maxima
1444 670 1809 728 imbecillitas
1849 689 1989 728 con·

344 777 377 823 5
407 766 542 838 silii,
571 777 705 838 tum·
739 768 798 830 id
842 769 951 856 sibi
989 769 1231 844 quisque
1274 786 1457 845 genus
1494 766 1678 825 aetatis
1705 768 1986 844 degendae

406 866 723 938 constituit,
766 865 920 941 quod
977 866 1224 923 maxime
1269 864 1584 923 adamavit:
1628 864 1820 940 itaque
1850 874 1985 923 ante

406 960 733 1035 implicatur
772 962 960 1037 aliquo
989 971 1151 1019 certo
1177 980 1390 1039 genere
1418 977 1705 1036 cursuque
1733 960 1983 1034 vivendi,

403 1059 574 1133 quam
594 1058 800 1134 potuit,
821 1059 975 1134 quod
997 1059 1276 1136 optimum
1299 1069 1468 1138 esset,
1482 1058 1761 1134 judicare.
1802 1056 1981 1130 Nam,

403 1154 554 1230 quod
602 1155 919 1213 Herculem
964 1156 1295 1214 Prodicium
1339 1155 1539 1213 dicunt
1571 1154 1662 1232 (ut
1702 1154 1982 1236 essapud

314 1259 374 1308 lo
404 1251 883 1332 Xenophontem)
934 1272 1068 1310 cum
1110 1252 1357 1327 primum
1405 1252 1751 1328 pubesceret
1799 1249 1982 1329 (quod

402 1358 627 1423 tempus
669 1368 703 1407 a
741 1350 966 1421 natura,
998 1350 1069 1407 ad
1110 1349 1501 1426 deligendum,
1531 1368 1701 1424 quam
1742 1350 1981 1424 quisque

402 1443 550 1501 viam
591 1444 820 1504 vivendi
859 1446 936 1504 sit
976 1446 1354 1524 ingressurus,
1398 1446 1595 1503 datum
1634 1446 1749 1524 est)
1792 1443 1981 1504 exisse

403 1541 461 1599 in
506 1542 898 1614 solitudinem,
939 1552 1118 1618 atque
1151 1543 1232 1600 ibi
1276 1543 1592 1617 sedentem,
1632 1544 1731 1601 diu
1778 1561 1980 1601 secum

402 1640 758 1715 multumque
798 1640 1117 1712 dubitasse,
1161 1659 1294 1698 cum
1343 1640 1487 1699 duas
1530 1651 1793 1699 cerneret
1835 1640 1977 1712 vias,

310 1751 371 1801 15
404 1755 577 1795 unam
606 1735 953 1813 VoluptatiS,
986 1736 1515 1824 alteram-Virtutis,
1539 1748 1722 1796 utram
1753 1735 1980 1814 ingredi

403 1834 608 1894 melius
646 1835 797 1894 esset
813 1854 834 1906 ς
885 1835 997 1894 hoc
1036 1831 1304 1907 Herculi,
1332 1834 1494 1892 Jovis
1519 1844 1649 1892 satu
1675 1833 1852 1906 edim,
1879 1851 1983 1909 po-

399 1930 521 1987 tuit
567 1930 807 1989 fortasse
854 1931 1241 2012 contingere:
1290 1913 1468 1989 ‘nobis
1513 1949 1631 1988 non
1676 1930 1834 2002 item,
1879 1930 1981 2006 qui

340 2048 351 2062 ·
402 2024 711 2098 imitamur,
741 2046 888 2102 quos
916 2026 1126 2102 cuique
1155 2026 1340 2102 visum
1362 2038 1469 2099 est,
1495 2037 1663 2103 atque
1686 2027 1757 2084 ad
1778 2045 1979 2084 eorum

400 2121 592 2179 studia
618 2121 992 2197 institutaque
1020 2121 1385 2197 impellimur.
1468 2123 1736 2199 Plerique
1767 2134 1977 2194 autem,

308 2237 371 2287 20
400 2231 725 2291 parentium
764 2218 1067 2294 praeceptis
1095 2218 1321 2295 imbuti,
1345 2219 1417 2277 ad
1444 2239 1645 2278 eorum
1673 2234 1980 2278 consuetu-

401 2311 595 2370 dinem
638 2332 971 2391 moremque
1012 2314 1390 2375 deducimur:
1455 2318 1550 2378 alii
1592 2316 1977 2376 multitudinis

395 2409 621 2487 judicio
649 2412 907 2469 feruntur
925 2432 940 2483 ;
979 2432 1225 2488 quaeque
1252 2415 1451 2492 majori
1477 2415 1626 2492 parti
1664 2414 1979 2492 pulcherri-

403 2528 499 2566 ma
552 2508 838 2580 videntur,
894 2527 967 2566 ea
1018 2511 1269 2567 maxime
1335 2521 1641 2588 exoptant:
1711 2510 1976 2568 nonnulli

400 2615 615 2679 tamen,
663 2604 784 2663 sive
825 2604 1102 2663 felicitate
1137 2606 1405 2681 quadam,
1434 2608 1554 2665 sive
1592 2607 1844 2665 bonitate
1879 2626 1979 2664 na-

307 2715 370 2764 25
400 2713 564 2777 turae,
593 2703 712 2761 sive
752 2699 1076 2779 parentium
1118 2702 1444 2779 disciplina,
1474 2711 1692 2761 rectam
1720 2705 1849 2761 vitae
1892 2722 1980 2761 se-

403 2801 523 2860 cuti
553 2810 686 2858 sunt
713 2801 879 2860 viam.

480 2994 779 3055 XXXIII.
840 2995 993 3054 Illud
1038 3007 1228 3055 autem
1267 2997 1513 3056 maxime
1561 3015 1754 3058 rarum
1792 3014 1981 3075 genus
