2192 3517
319 162 400 226 τε
946 168 1034 218 nn
1076 168 1369 218 omens.
1851 168 1932 230 [ι.
1950 168 1992 220 1.

411 318 479 378 L.
510 318 763 391 Luculli,
791 317 1002 376 summi
1042 317 1171 391 viri,
1199 318 1469 376 virtuteni'
1510 315 1678 396 quis?
1721 326 1780 374 at
1818 336 1989 393 quam

409 415 576 484 multi
640 416 900 474 villarum
974 414 1468 493 magnificentiam
1540 414 1747 475 imitati
1821 415 1986 474 suntl

408 532 649 589 quarum
702 511 934 588 quidem
989 522 1147 572 certe
1200 522 1288 570 est
1343 511 1702 570 adhibendus
1762 511 1988 583 modus,

411 610 482 668 ad
536 607 1106 690 mediocritatemque
1171 608 1541 667 revocandus,
1650 607 1989 684 Eademque

345 715 383 770 5
409 706 776 768 mediocritas
849 706 920 764 ad
991 725 1157 763 usum
1225 704 1558 789 cultumque
1611 704 1739 762 vitoe
1806 715 1989 772 trans-

409 803 648 863 ferenda
669 814 773 861 est.
855 803 972 861 Sed
984 803 1129 859 ·-haec
1157 802 1455 860 hactenus.

485 899 556 958 In
579 900 739 958 omni
760 909 950 958 autem
970 899 1199 972 actione
1216 898 1607 974 suscipienda,
1624 883 1736 957 tria
1749 907 1884 955 sunt
1905 908 1987 955 te-

405 998 633 1067 nenda;
667 996 939 1072 primum,
956 1005 1019 1052 ut
1046 996 1332 1072 appetitus
1353 994 1571 1060 =rationi
1598 1005 1825 1071 pareat;
1870 1013 1987 1070 quo

405 1094 551 1152 nihil
584 1105 671 1150 est
699 1093 770 1150 ad
799 1092 993 1152 officia
1020 1093 1417 1152 conservanda
1457 1091 1982 1156 accommodatius:

314 1193 377 1256 δῦ
406 1189 637 1261 deinde,
681 1198 746 1246 ut
789 1189 1294 1272 animadvertatur,
1343 1173 1558 1263 quanta
1597 1188 1697 1246 illa
1748 1207 1841 1246 res
1887 1187 1983 1262 sit,

405 1305 577 1361 quam
630 1286 860 1343 efficere
913 1286 1188 1356 velimus;
1225 1295 1322 1364 *ut
1386 1296 1531 1342 'neve
1586 1285 1766 1364 major
1837 1302 1985 1343 neve

403 1381 592 1439 minor
647 1401 788 1440 cura
842 1392 900 1439 et
943 1397 1122 1458 opera
1173 1365 1540 1458 suscipiatur,
1581 1400 1753 1458 quam
1807 1401 1988 1442 causa

402 1478 686 1556 postulet:
756 1479 988 1548 tertium
1042 1489 1151 1550 est,
1210 1476 1302 1554 [ut
1365 1479 1718 1558 caveamus,]
1774 1489 1842 1536 ut
1890 1497 1984 1552 ea,

403 1594 531 1650 quae
571 1576 859 1652 pertinent
901 1574 970 1633 ad
1012 1574 1310 1636 liberalem
1351 1574 1604 1650 speciem
1643 1585 1702 1632 et
1737 1575 1986 1654 dignita-

311 1687 374 1744 ιε
404 1682 542 1744 tem,
572 1673 868 1734 moderata
906 1671 1038 1730 sint.
1123 1669 1354 1730 Modus
1379 1682 1569 1729 autem
1596 1681 1683 1729 est
1710 1672 1986 1747 optimus,

402 1770 584 1827 decus
625 1769 811 1846 ipsum
852 1779 1070 1841 tenere,
1111 1770 1185 1827 de
1226 1787 1341 1844 quo
1383 1778 1516 1826 ante
1561 1767 1829 1841 diximuS,
1870 1788 1985 1828 nec

402 1866 680 1944 progredi·
728 1866 975 1943 longius.
1084 1864 1312 1922 Horum
1365 1874 1559 1921 tamen
1612 1863 1785 1928 trium
1842 1884 1987 1941 prae-

402 1960 817 2022 stantissimum
857 1971 962 2033 est,
994 1960 1308 2038 appetitum
1335 1960 1728 2040 obtemperare
1757 1961 1983 2021 rationi.

481 2152 609 2210 XL.
653 2152 948 2228 Deinceps
990 2151 1063 2208 de
1091 2150 1295 2208 ordine
1323 2170 1533 2223 rerum,
1563 2162 1621 2210 et
1658 2164 1983 2229 temporum

306 2260 373 2320 m
404 2249 849 2325 opportunitate,
879 2247 1191 2308 dicendum
1226 2258 1329 2306 est.
1413 2247 1547 2306 Hac
1577 2260 1766 2306 autem
1795 2251 1985 2310 scien-

404 2345 486 2403 tia
529 2346 856 2404 continetur
900 2364 988 2416 ea,
1035 2364 1204 2419 quam
1248 2345 1442 2402 Groeci
1483 2348 1760 2408 Εὐταξίαν
1798 2346 1986 2404 nomi-

402 2453 562 2513 nant,
591 2461 711 2500 non
752 2442 897 2515 haec,
931 2460 1102 2517 quam
1144 2441 1582 2519 interpretamur
1621 2443 1982 2510 modestiam,-

400 2539 607 2613 quoin
636 2539 809 2596 verbo
851 2539 1054 2596 modus
1095 2538 1279 2596 inest:
1324 2539 1426 2597 sed
1466 2540 1566 2597 illa
1605 2549 1691 2597 est
1732 2542 1981 2613 εὐταξία,

398 2635 464 2705 in
501 2635 616 2712 qua
656 2634 994 2712 intelligitur
1034 2636 1255 2693 ordinis
1296 2636 1673 2712 conservatiO.
1755 2636 1983 2714 Itaque,

309 2737 377 2788 25
406 2740 468 2788 ut
553 2731 795 2788 eandem
864 2749 972 2788 nos
1041 2730 1382 2788 modestiam
1454 2711 1821 2807 appellemus,
1892 2731 1985 2792 sic

405 2827 669 2885 definitur
739 2846 774 2885 a
830 2827 1066 2899 StoiciS,
1124 2836 1187 2885 ut
1250 2826 1532 2885 modestia
1595 2826 1671 2885 sit
1737 2828 1986 2890 scientia

394 2942 602 2996 ‘earum
654 2943 865 2996 rerum,
908 2943 1035 3000 quae
1085 2932 1325 3001 agentur
1373 2933 1473 2982 aut
1518 2923 1803 2998 dicentur,
1846 2925 1985 3004 loco
