2192 3517
1909 79 1924 124 i

295 216 375 275 68
966 229 1052 275 DE
1094 229 1384 276 osricus.
1829 231 1893 292 [L
1934 232 1971 278 1.

288 445 297 460 .
389 377 614 450 bentur,
646 379 845 456 magis-
873 379 1085 437 decere
1130 389 1372 437 censent
1418 378 1709 456 sapientes
1752 380 1969 438 sensim

389 476 667 548 dissuere,
697 495 869 551 quam
903 487 1140 553 repente
1176 477 1508 553 praecidere.
1591 476 1970 558 Commutato

389 579 578 630 autem
609 593 822 649 genere
850 574 1002 645 vitae,
1031 557 1191 630 omni
1228 573 1454 631 ratione
1493 573 1813 631 curandum
1857 585 1966 646 est,

386 682 450 727 ut
479 669 535 726 id
560 669 720 727 bono
749 670 996 728 consilio
1024 670 1231 728 fecisse
1258 670 1568 732 videamur.

323 753 363 817 5*
467 767 606 839 Sed,
636 768 908 842 quoniam
943 768 1118 843 paulo
1158 778 1291 825 ante
1330 767 1551 825 dictum
1590 778 1695 839 est,
1741 768 1971 826 imitan-

386 863 496 921 dos
536 883 666 921 esse
710 864 992 941 majores;
1041 866 1291 941 primum
1334 864 1477 922 illud
1517 875 1823 941 exceptum
1868 866 1964 938 sit,

386 979 460 1017 ne
505 961 643 1018 vitia
685 957 800 1019 sint
844 961 1125 1019 imitanda
1140 982 1155 1032 3
1214 962 1444 1033 deinde,
1494 962 1543 1020 si
1587 972 1797 1036 natura
1842 981 1964 1020 non

388 1057 532 1116 feret
579 1069 642 1114 ut
684 1058 946 1133 quaedam
990 1058 1203 1130 imitari
1249 1059 1473 1135 possint
1515 1058 1606 1136 (ut
1654 1059 1966 1135 superioris

387 1153 654 1211 Africani
682 1153 854 1225 filius,
884 1154 983 1229 qui
1014 1154 1172 1213 hunc
1215 1155 1395 1214 Paulo
1421 1166 1623 1213 natum
1654 1154 1963 1231 adoptavit,

295 1260 356 1309 10
386 1261 618 1325 propter
648 1250 1043 1309 infirmitatem
1071 1252 1419 1309 valetudinis
1460 1271 1579 1309 non
1621 1262 1738 1309 tam
1774 1252 1968 1327 potuit

384 1347 562 1422 patris
589 1347 794 1405 similis
822 1366 968 1419 esse,
991 1367 1162 1423 quam
1186 1348 1282 1406 ille
1304 1348 1491 1406 fuerat
1512 1349 1629 1429 sui)
1650 1370 1665 1420 ;
1709 1350 1758 1407 si
1789 1349 1967 1426 igitur

384 1462 503 1500 non
531 1444 741 1519 poterit
768 1444 887 1501 sive
915 1463 1121 1502 causas
1149 1445 1514 1518 defensitare,
1544 1446 1664 1503 sive
1691 1447 1966 1523 populum

383 1540 768 1598 concionibus
795 1541 1012 1614 tenere,
1042 1542 1163 1600 sive
1192 1542 1343 1599 bella
1366 1559 1601 1620 gerere3
1646 1544 1744 1601 illa
1769 1545 1965 1601 tamen

382 1645 651 1711 praestare
692 1637 945 1710 debebit,
974 1657 1102 1713 quae
1143 1647 1314 1696 erunt
1353 1638 1415 1695 in·
1455 1638 1635 1713 ipsius
1661 1649 1964 1715 potestate,

292 1746 353 1797 15
377 1733 679 1810 justitiam,
704 1721 914 1806 fidem,
956 1734 1379 1806 liberalitatem,
1422 1735 1781 1807 modestiam,
1824 1746 1969 1793 tem·

381 1831 720 1906 perantiam',
750 1850 867 1907 quo
905 1832 1099 1890 minus
1141 1832 1212 1890 ab
1252 1851 1321 1890 eo
1363 1832 1441 1904 id,
1485 1831 1638 1906 quod
1681 1831 1850 1903 desit,
1878 1850 1968 1889 re·

381 1928 654 2002 quiratur.
718 1928 975 2004 «Optima
1036 1939 1228 1986 autem
1276 1928 1582 1986 haereditas
1627 1948 1661 1985 a
1704 1929 1967 2005 patribus

381 2023 624 2080 traditur
653 2023 868 2095 liberis,
896 2025 1171 2099 omnique
1207 2024 1554 2100 patrimonio
1577 2025 1962 2100 praestantior,

332 2176 337 2180 ,
382 2116 565 2195 gloria
591 2120 836 2190 virtutis,
866 2125 1171 2195 rerumque
1198 2130 1522 2198 gestarum3
1567 2122 1663 2179 cui
1692 2121 1962 2180 dedecori

288 2221 351 2271 20
382 2234 528 2287 esse,
559 2216 720 2274 nefas
749 2227 807 2273 et
835 2216 1072 2292 impium
1096 2217 1477 2294 judicandum
1506 2228 1630 2276 est.-

460 2397 753 2468 XXXIV.
801 2409 896 2480 Et,
920 2410 1192 2486 quoniam
1216 2411 1408 2469 officia
1423 2431 1539 2470 non
1556 2411 1757 2470 eadem
1777 2413 1965 2488 dispa-

381 2504 540 2561 ribus
569 2506 832 2565 aetatibus
872 2508 1222 2580 tribuuntur,
1255 2509 1479 2584 aliaque
1506 2517 1641 2566 su'nt
1661 2508 1962 2584 juvenum,

383 2597 496 2658 alia
522 2600 814 2658 seniorum
839 2622 854 2672 3
899 2602 1112 2677 aliquid
1144 2605 1316 2662 etiam
1348 2605 1419 2660 de
1448 2605 1558 2666 hac
1587 2604 1964 2662 distinctione

381 2696 693 2753 dicendum
735 2708 838 2755 est.
924 2698 1031 2756 Est
1071 2700 1246 2776 igitur
1281 2700 1684 2774 adolescentiS,
1717 2701 1965 2777 majores

288 2798 351 2849 25
380 2804 520 2851 natu
542 2794 743 2866 vereri,
762 2814 947 2870 exque
964 2797 1054 2854 his
1073 2795 1326 2873 deligere
1343 2797 1588 2873 optimos
1607 2808 1664 2854 et
1683 2798 1978 2875 probati&

380 2890 577 2963 simoS,
606 2910 849 2966 quorum
879 2892 1125 2950 consilio
1155 2905 1322 2968 atque
1354 2889 1694 2952 auctoritate
1721 2895 1961 2954 nitatur.

382 2984 644 3045 Ineuntis
671 2988 827 3047 enim
857 2990 1040 3049 aetatis
1068 2990 1300 3048 inscitia
1328 3010 1529 3049 senum
1554 2992 1965 3065 constituenda
