2192 3517
301 196 383 256 96
975 203 1064 253 m:
1102 203 1396 252 omens.
1811 202 1892 263 [L.
1914 202 1980 252 11.

396 352 913 426 administratione,
960 363 1274 412 uteremur.
1353 347 1564 428 Neque
1615 353 1773 410 enim
1827 351 1980 410 vale-

394 451 612 510 tudinis
652 452 900 523 curatio,
927 469 1117 526 neque
1158 449 1470 527 navigatio,
1498 467 1688 525 neque
1731 449 1978 527 agricul-

393 558 542 621 tura,
597 568 787 625 neque
855 548 1083 626 frugum
1155 548 1560 623 fructuumque
1624 545 1978 622 reliquorum

393 646 691 732 perceptio
731 656 792 704 et
833 645 1219 716 conservatio,
1261 644 1387 702 sine
1428 642 1728 702 hominum
1775 645 1974 720 operi,

333 750 367 799 5
396 744 511 803 ulla
537 762 667 801 esse
691 744 998 824 potuisset„

284 836 290 841 ’
475 839 511 897 J
517 859 608 897 am
649 858 785 898 vero
825 849 884 897 et
924 857 1125 915 earum⁴
1165 857 1375 911 rer-um,
1409 837 1618 914 quibus
1661 838 1982 902 abundare-

395 956 543 1009 mus,
599 937 937 1014 exportatio,
990 947 1052 994 et
1105 953 1327 1008 earum,
1384 935 1594 1012 quibus
1652 954 1977 1013 egeremus,

396 1035 689 1108 invectio,
713 1039 869 1092 certe
909 1034 1070 1092 nulla
1115 1042 1286 1105 esset,
1328 1033 1443 1091 nisi
1496 1033 1590 1091 his
1633 1033 1982 1092 muneribus

396 1132 661 1189 homines
715 1131 1111 1208 fungerentur.
1196 1129 1533 1206 Eademque
1577 1130 1824 1204 ratione,
1863 1149 1980 1189 nec

303 1237 366 1288 10
394 1228 614 1304 lapides
659 1243 695 1285 e
738 1227 895 1285 terr&
939 1228 1346 1285 exciderentur
1390 1227 1464 1284 ad
1507 1245 1674 1286 usum
1716 1237 1978 1285 nostrum

394 1324 742 1396 necessarii3

457 1479 616 1533 “Nec
644 1483 853 1547 ferrum,
875 1499 966 1546 ωε,
983 1497 1182 1545 aurum,
1203 1488 1489 1548 argentum,
1510 1481 1810 1540 effoderetur
1841 1481 1979 1547 peni-

582 1571 665 1614 tus
687 1564 962 1628 abditum,'’

396 1718 525 1777 sine
552 1718 851 1778 hominum
880 1718 1078 1780 labore
1109 1728 1168 1776 et
1197 1733 1387 1777 manu.

474 1912 578 1972 IV.
623 1912 817 1971 Tecta
842 1931 998 1985 vem,
1028 1912 1238 1987 quibus
1278 1921 1338 1968 et
1378 1910 1658 1989 frigorum
1683 1909 1770 1968 vis
1805 1910 1981 1986 pelle·-

290 2014 367 2065 15
395 2019 573 2083 retur,
603 2020 661 2067 et
690 2010 950 2067 calorum
991 2008 1271 2065 molestiae
1309 2008 1668 2081 sedarentur,
1697 2006 1853 2065 unde
1884 2017 1980 2065 aut

397 2105 566 2162 initio
607 2104 807 2181 generi
848 2104 1108 2162 humano
1133 2101 1256 2160 dari
1282 2103 1625 2180 potuissent,
1656 2114 1755 2162 aut
1775 2112 1980 2180 postea

397 2201 710 2271 subveniri,
740 2201 790 2258 si
821 2210 919 2258 aut
943 2200 1000 2258 vi
1040 2201 1418 2276 tempestatis,
1449 2213 1548 2260 aut
1587 2210 1756 2258 terrae.
1795 2210 1979 2272 motu,

400 2308 498 2356 aut
536 2306 822 2356 vetustate
863 2295 1234 2370 cecidissent,
1262 2297 1375 2355 nisi
1405 2297 1731 2355 communis
1757 2298 1876 2356 vita
1908 2297 1981 2355 ab

398 2394 728 2456 hominibus
784 2395 987 2452 harum
1041 2414 1232 2452 rerum
1294 2393 1507 2452 auxilia
1571 2403 1769 2470 petere
1836 2394 1983 2452 didi·
2171 2389 2172 2466 1

304 2509 368 2559 20
399 2492 613 2550 cisset‘!
721 2481 892 2551 A'dde
958 2492 1169 2552 ductus
1239 2509 1533 2567 aquarum,
1597 2491 1984 2551 derivationes
2171 2489 2172 2506 ¹

399 2588 720 2662 fluminum,
753 2608 1021 2667 agrorum
1063 2588 1449 2667 irrigationes„
1478 2588 1658 2647 moles
1691 2590 1984 2666 oppositas

400 2667 692 2759 fluctibus,
734 2696 934 2764 portus
973 2705 1150 2744 manu
1191 2683 1407 2757 factos3
1465 2705 1592 2763 quae
1627 2686 1813 2758 unde,
1858 2687 1984 2746 sine

400 2783 700 2842 hominurn
742 2783 938 2861 operti,
982 2782 1196 2841 habere
1236 2785 1578 2859 possemus?
1631 2803 1705 2842 ex
1751 2785 1982 2860 quibu5‚
2167 2801 2170 2850 ι

400 2882 708 2959 multisque
777 2881 921 2950 aliis,
976 2877 1347 2958 perspicuum
1408 2890 1516 2951 est,
1572 2882 1671 2958 qui
1738 2882 1981 2956 fructus,

307 2990 374 3042 z
402 2997 643 3059 quaeque
701 2980 1000 3053 utilitates,
1056 2998 1130 3037 ex
1179 2978 1355 3038 rebus
1407 2978 1481 3038 iis
1531 2997 1660 3057 quae
1713 2990 1849 3039 sunt
1900 2980 1987 3039 in·
