2192 3517
296 177 402 235 1:34
961 188 1048 234 DE
1092 188 1383 249 ormena.
1800 187 1875 247 [L.
1897 187 1964 235 ιι.

457 336 671 413 Atque,
715 337 774 395 in
817 337 928 395 hac
979 336 1242 414 pernicie
1294 336 1646 411 reipublicae,
1688 354 1764 392 ne
1805 334 1963 395 illam

375 433 606 509 quidem
672 421 1125 510 consequuntur,
1181 453 1350 509 quam
1415 439 1642 510 putant,
1698 432 1961 509 gratiam.

376 529 436 588 N
441 550 553 599 am,
584 532 682 589 cui
722 551 816 589 res
855 542 1055 607 erepta
1081 541 1188 604 est,
1216 540 1303 588 est
1332 530 1636 600 inimicus;
1681 529 1777 586 eui
1806 528 1963 603 data,

377 628 553 685 etiam
580 625 903 686 dissimulat
931 647 994 685 se
1017 629 1285 703 accipere
1303 626 1585 684 voluisse:
1628 635 1687 683 et
1714 626 1965 684 maxime

317 733 352 782 5
378 724 437 781 in
478 725 745 800 pecuniis
786 724 1023 783 creditis
1054 724 1313 782 occultat
1352 743 1517 781 suum
1564 723 1858 801 gaudium,
1884 742 1965 781 ne

375 821 636 879 videatur
677 840 792 878 non
837 821 1014 879 fuisse
1054 821 1348 878 solvende.
1431 815 1512 877 At
1540 839 1675 877 vero
1716 819 1833 892 ille,
1861 819 1964 895 qui

380 918 596 994 accipit
654 918 942 995 injuriam,
999 927 1057 975 et
1110 918 1393 990 meminit,
1450 929 1508 974 et
1559 936 1678 993 prae
1734 936 1796 973 se
1849 916 1965 974 fert

378 1016 634 1073 dolorem
684 1034 886 1072 suum:
943 1033 1075 1087 nec,
1124 1014 1171 1071 si
1217 1014 1414 1091 plures
1460 1024 1594 1072 sunt
1641 1012 1703 1085 ii,
1753 1012 1965 1089 quibus

378 1112 639 1188 improbe
698 1112 896 1169 datum
951 1122 1058 1183 est,
1113 1130 1281 1188 quam
1339 1111 1421 1168 illi
1474 1111 1684 1187 quibus
1751 1111 1963 1187 injuste

289 1220 352 1271 10
380 1207 708 1284 ademptum
748 1218 855 1279 est,
886 1208 1110 1266 ideirco
1147 1208 1278 1284 plus
1316 1208 1493 1266 etiam
1535 1207 1740 1268 valent.
1822 1206 1961 1265 Non

377 1304 535 1362 enim
602 1323 847 1362 numero
914 1306 1038 1362 haec
1103 1303 1457 1382 judicantur,
1517 1304 1617 1360 sed
1683 1304 1958 1380 pondere.

375 1400 573 1463 Quam
620 1412 808 1459 autem
840 1401 1012 1460 habet
1045 1401 1392 1480 aequitatem,
1422 1412 1485 1459 ut
1515 1419 1734 1477 agrum,
1767 1401 1961 1457 multis

379 1498 546 1556 annis
576 1509 672 1556 aut
699 1499 875 1557 etiam
903 1498 1134 1556 eaeculis
1163 1507 1295 1556 ante
1320 1516 1669 1575 possessum,
1700 1497 1798 1572 qui
1835 1498 1962 1554 nul-

376 1594 494 1653 lum
537 1596 758 1667 habuit,
786 1596 1027 1666 habeat3
1071 1596 1169 1670 qui
1213 1573 1405 1652 autem
1445 1593 1666 1664 habuit,
1697 1593 1959 1650 amittat?

287 1799 350 1848 15
456 1788 689 1847 XXIII.
735 1789 847 1860 Ac,
874 1797 1106 1864 propter
1146 1786 1257 1845 hoc
1298 1786 1521 1863 injuriae
1548 1805 1752 1864 genua,
1781 1785 1962 1846 Lace-

376 1885 646 1944 daemonii
685 1884 1044 1961 Lysandrum
1074 1885 1354 1960 ephorum
1384 1881 1756 1958 expulerunt3
1807 1882 1961 1960 Agin

376 2000 571 2058 regem
599 1980 778 2057 (quod
810 1998 1106 2055 nunquam
1138 1990 1308 2037 antea
1332 1980 1479 2055 apud
1511 1998 1612 2035 eos
1636 1979 1959 2058 acciderat)

376 2087 759 2134 necaverunt:
803 2095 874 2132 ex
914 2094 1101 2151 eoque
1139 2087 1399 2151 tempore
1440 2085 1613 2133 tantae
1655 2076 1962 2133 discordiae

376 2183 590 2230 secutae
618 2183 770 2244 sunt,
801 2182 865 2230 ut
891 2182 949 2231 et
977 2172 1206 2249 tyranni
1245 2172 1605 2244 exsisterent,
1635 2183 1692 2230 et
1721 2172 1964 2248 optima-

281 2272 349 2324 m
374 2277 463 2327 tes
502 2268 1041 2342 exterminarentur,
1070 2279 1142 2350 et,
1166 2269 1604 2347 praeclariesime
1646 2269 1964 2327 constituta

373 2365 701 2442 respublica
726 2366 1112 2425 dilaberetur:
1153 2385 1267 2424 nec
1287 2385 1422 2423 vero
1450 2366 1635 2423 solum
1665 2366 1786 2442 ipsa
1806 2365 1963 2423 ceci·

374 2462 479 2535 dit,
520 2461 621 2520 sed
663 2463 835 2521 etiam
880 2464 1163 2539 reliquam
1216 2462 1507 2521 Graeciam
1563 2463 1767 2519 evertit
1822 2480 1961 2519 con-

373 2559 704 2637 tagionibus
743 2560 1046 2632 malorum,
1074 2579 1224 2637 quae,
1256 2579 1289 2617 a
1329 2558 1791 2617 Lacedaemoniis
1831 2577 1960 2635 pro-

374 2657 560 2729 sectae,
604 2657 909 2714 manfirunt
962 2656 1153 2715 latiu‘s.
1233 2656 1443 2719 Quid?
1497 2666 1725 2713 nostros
1777 2656 1962 2713 Grac-

282 2760 348 2811 ω
374 2753 535 2825 ehoe,
578 2752 675 2810 Ti.
718 2752 998 2824 Gracchi,
1040 2751 1251 2809 summi
1304 2751 1434 2824 viri,
1474 2751 1645 2822 filice,
1689 2751 1956 2808 Africani

373 2859 633 2926 nepotes»,
687 2867 885 2907 nonne
939 2848 1180 2926 agraria!
1233 2848 1642 2905 contentiones
1693 2847 1959 2924 perdide-

372 2947 550 3005 runt!
