2192 3517
247 223 306 273 1..
324 223 409 284 ιι]
828 225 915 274 nm
959 221 1250 273 omens.
1810 211 1924 271 137

243 373 541 451 publicam
581 374 858 448 continet,
901 393 1075 451 quam
1116 374 1291 447 fides;
1340 394 1467 450 quae
1506 394 1632 434 esse
1672 372 1833 433 nulla

244 481 458 549 potest,
486 471 602 529 nisi
629 472 740 530 erit
775 473 1107 532 necessaria
1133 472 1341 531 solutio
1369 491 1561 530 rerum
1589 472 1832 531 credita-

248 584 393 627 rum.
475 567 793 645 Nunquam
832 569 1232 629 vehementius
1274 579 1469 628 actum
1510 580 1616 642 est,
1659 588 1827 646 quam

245 684 341 723 me
397 664 656 739 consule,
696 684 772 724 ne
825 666 1156 725 solveretur.
1265 666 1463 724 Armis
1514 675 1575 724 et
1625 666 1830 724 castris

245 771 467 820 tentata
519 779 610 820 res
664 773 750 822 est
805 762 878 821 ab
931 762 1090 821 omni
1144 781 1360 841 genere
1421 760 1716 822 hominum
1767 773 1830 821 et
1855 764 1890 813 5

244 857 484 930 ordine;
527 858 736 934 quibus
762 859 849 917 sic
876 858 1080 932 restiti,
1112 869 1175 917 ut
1202 859 1317 918 hoc
1354 867 1580 917 tantum
1616 859 1828 916 malum

246 953 322 1011 de
369 955 670 1031 republica
717 956 1029 1015 tolleretur.
1132 954 1449 1031 Nunquam
1490 974 1602 1013 nec
1644 953 1830 1032 majus

247 1070 327 1110 ωε
369 1052 620 1112 alienum
661 1052 789 1125 fuit,
827 1071 939 1110 nec
981 1052 1187 1110 melius
1225 1070 1338 1110 nec
1380 1052 1609 1110 facilius
1650 1051 1831 1110 disso-

244 1148 431 1206 lutum
461 1157 564 1207 est.
645 1148 980 1209 Fraudandi
1020 1150 1178 1207 enim
1205 1168 1306 1227 spe
1333 1148 1578 1222 sublata,
1607 1149 1828 1207 solven-

245 1245 306 1303 di
346 1246 665 1304 necessitas
704 1255 1024 1308 consecuta
1061 1256 1167 1305 est.
1249 1246 1332 1306 At
1355 1264 1493 1305 vero
1522 1246 1639 1319 hic,
1668 1264 1826 1305 nuno
1857 1249 1919 1299 1⁰

246 1341 451 1415 victor,
493 1351 618 1400 tum
670 1341 904 1418 quidem
956 1342 1165 1414 victus,
1218 1361 1346 1418 quae
1400 1342 1701 1419 cogitarat,
1756 1361 1828 1400 ea

244 1439 509 1516 perfecit,
540 1457 675 1497 cum
716 1431 840 1515 ejus
876 1438 996 1516 jam
1039 1438 1183 1497 nihil
1228 1437 1545 1497 interesset.
1630 1439 1828 1497 Tanta

247 1535 308 1594 in
351 1555 425 1594 eo
467 1536 754 1613 peccandi
800 1536 983 1594 libido
1028 1536 1157 1607 fuit,
1202 1547 1266 1595 ut
1306 1536 1421 1593 hoc
1463 1534 1650 1612 ipsum
1692 1554 1827 1594 eum

244 1631 583 1706 delectaret,
608 1651 877 1710 peccare,
905 1632 1079 1692 etiam
1108 1631 1159 1690 si
1185 1650 1363 1690 causa
1388 1651 1506 1689 non
1532 1641 1700 1690 esset.

326 1727 425 1787 Ab
445 1729 559 1787 hoc
586 1729 763 1807 igitur
789 1748 1004 1807 genere
1029 1727 1375 1806 largitionis,
1400 1738 1460 1787 ut
1483 1727 1611 1786 aliis
1637 1727 1825 1800 detur,
1857 1729 1919 1779 15

247 1824 377 1884 aliis
406 1826 714 1897 auferatur,
745 1827 989 1884 aberunt
1019 1824 1082 1899 ii,
1113 1823 1211 1901 qui
1250 1824 1665 1900 rempublicam
1706 1833 1830 1881 tue-

246 1922 495 1981 buntur:
537 1922 598 1981 in
624 1924 936 1999 primisque
963 1940 1194 2000 operam
1232 1920 1471 1993 dabunt,
1500 1930 1563 1978 ut
1597 1919 1745 1998 juris
1770 1930 1829 1979 et

246 2018 592 2096 judiciorum
645 2019 913 2097 equitate
965 2037 1137 2079 suum
1182 2018 1423 2094 quisque
1473 2027 1702 2088 teneat3
1769 2026 1830 2076 et

245 2134 436 2192 neque
489 2115 777 2175 tenuiores
837 2125 1068 2194 propter
1135 2115 1515 2174 humilitatem
1583 2115 1830 2174 circum-

248 2211 571 2284 veniantur,
594 2229 780 2288 neque
806 2211 1215 2287 locupletibuS,
1238 2210 1311 2270 ad
1336 2230 1442 2269 sua
1459 2210 1549 2269 vel
1579 2213 1829 2269 tenenda
1855 2212 1920 2263 2⁰

249 2307 336 2364 vel
363 2307 780 2383 recuperanda,
808 2306 961 2365 obsit
987 2306 1237 2365 invidia:
1279 2316 1572 2383 praeterea,
1599 2306 1830 2383 quibus-

247 2422 498 2479 cumque
538 2404 711 2462 rebus
740 2403 826 2462 vel
868 2402 1004 2461 belli
1032 2403 1120 2461 vel
1157 2403 1314 2466 domi
1351 2413 1641 2479 poterunt,
1682 2423 1829 2462 rem-

245 2500 541 2577 publicam
597 2509 849 2578 augeant
900 2500 1164 2577 imperio,
1214 2498 1387 2577 agris,
1430 2500 1827 2578 vectigalibus.

248 2595 399 2655 Haec
439 2615 779 2675 magnorum
820 2596 1120 2657 hominum
1160 2606 1325 2668 sunt;
1367 2596 1493 2655 haec
1534 2597 1683 2673 apud
1711 2615 1832 2655 ma-

241 2692 401 2769 jores
439 2703 669 2752 nostros
712 2692 972 2752 factitata
987 2713 1004 2764 3
1058 2693 1185 2751 haec
1239 2712 1456 2770 genera
1506 2692 1828 2751 officiorum
1855 2700 1921 2750 25

246 2788 346 2865 qui
386 2799 826 2866 persequuntur,
868 2808 1002 2848 cum
1043 2789 1268 2847 summa
1311 2790 1557 2849 utilitate
1604 2788 1831 2864 reipub-

245 2883 378 2943 licae
431 2904 700 2963 magnam
756 2884 865 2962 ipsi
921 2885 1313 2962 adipiscentur
1367 2894 1424 2944 et
1477 2884 1746 2963 gratiam,
1772 2894 1830 2941 et

245 2980 512 3061 gloriam.

728 3077 800 3135 12
822 3076 857 3112 *
