2192 3517
356 135 471 254 198
1023 202 1113 249 ru:
1154 200 1449 250 omens.
1835 201 2030 264 [Lm.

442 351 538 409 ma
564 349 699 412 luee
724 350 1034 428 Pomponii
1073 352 1319 411 domum·
1337 351 1563 410 venisse
1592 350 1824 409 dicitur.
1906 350 2031 411 Cui

443 467 575 506 curn
616 459 769 507 esset
808 449 1169 521 nuntiatum3
1224 449 1379 526 quod
1421 448 1584 508 illum
1618 448 1850 514 sii-amm
1892 449 2031 508 alla-

441 555 634 603 turum
665 545 736 603 ad
764 566 827 603 se
861 547 1072 622 aliquid
1114 557 1316 605 contra
1352 556 1576 622 patrem
1618 546 2029 606 arbitraretur:

441 643 689 702 surrexit
741 663 774 701 e
826 643 1072 714 lectulo;
1129 644 1476 720 remotisque
1531 643 1777 715 arbitris,
1835 644 1911 701 ad
1966 649 2030 703 se

378 741 411 792 5
444 739 864 799 adolescentem
890 740 1057 817 jussit
1083 741 1294 799 venire.
1379 740 1462 798 At
1488 739 1605 812 ille,
1634 750 1699 798 ut
1731 740 2029 817 ingressus

441 845 549 908 est,
591 837 898 896 confestim
939 838 1194 915 gladium
1236 837 1558 911 destrinxit,
1585 838 1936 915 juravitque,
1965 856 2029 896 se

442 933 604 991 illum
633 934 824 992 statim
851 933 1308 1006 interfecturum,
1339 934 1450 992 nisi
1481 934 1885 1014 jusjurandum
1914 934 2029 994 sibi

442 1030 713 1102 dedisset,
742 1050 805 1089 se
829 1041 1048 1107 patrem
1079 1032 1318 1090 missum
1358 1050 1487 1089 esse
1527 1031 1835 1090 facturum.
1921 1032 2029 1090 Ju-

441 1127 587 1185 ravit
627 1128 741 1185 hoc
781 1138 1021 1185 coactus
1041 1143 1046 1148 ·
1066 1138 1286 1185 terrore
1340 1128 1728 1204 Pomponius:
1782 1148 1911 1186 rem
1955 1127 2029 1187 nd

350 1229 411 1279 10
437 1223 715 1300 populum
755 1223 992 1283 detulit:
1049 1225 1268 1297 docuit,
1312 1245 1418 1283 cur
1464 1227 1575 1286 sibi
1622 1226 1801 1285 causa
1849 1226 2030 1285 desis-

438 1329 562 1377 tere
628 1339 868 1379 necesse
934 1331 1119 1382 esset:
1195 1321 1483 1381 Manlium
1556 1323 1796 1382 missum
1865 1324 2025 1383 fecit.

359 1418 364 1422 ’
439 1416 699 1476 Tantum
751 1415 1108 1495 temporibus
1164 1419 1276 1478 illis
1322 1420 1723 1498 jusjurandum
1778 1421 2023 1480 valebat.

438 1515 635 1590 Atque
676 1515 775 1574 hic
812 1517 891 1575 T.
922 1516 1179 1578 Manlius
1220 1518 1269 1576 is
1306 1528 1415 1592 est,
1444 1518 1562 1594 qui,
1595 1519 1665 1576 ad
1708 1519 2024 1591 Anienem,

436 1612 611 1685 Galli,
640 1632 810 1690 quem
854 1614 927 1673 ab
966 1633 1037 1672 eo
1075 1625 1423 1691 provocatus
1463 1615 1776 1687 occiderat,
1820 1626 2025 1692 touque

347 1713 409 1764 15
438 1709 719 1783 detracto,
762 1729 1088 1789 cognomen
1131 1711 1383 1782 invenit:
1440 1711 1605 1788 cujus
1657 1712 1829 1770 tertio
1884 1731 2026 1771 con-

438 1797 624 1866 sulatu
659 1807 853 1866 Latini
883 1809 953 1866 ad
977 1808 1239 1867 Veserim
1271 1808 1402 1880 fusi,
1431 1818 1493 1866 et
1518 1808 1732 1886 fugati:
1779 1827 2024 1887 magnus

435 1903 522 1962 vir
569 1904 630 1963 in
675 1905 894 1982 primis,
943 1914 1002 1962 et
1042 1905 1161 1980 qui,
1208 1905 1620 1984 perindulgens
1670 1905 1729 1964 in
1775 1917 2021 1984 patrem,

437 2000 590 2058 idem
622 2003 830 2059 acerbe
851 2009 1089 2060 'severus
1118 2002 1178 2059 in
1207 2002 1406 2061 filium.

514 2193 779 2252 XXXII.
825 2195 976 2267 Sed,
1000 2205 1065 2258 ut
1105 2194 1430 2254 laudandus
1471 2196 1737 2273 Regulus
1779 2197 1840 2256 in
1881 2215 2022 2258 eon·

342 2292 406 2343 20
434 2291 718 2348 servando
754 2291 1144 2369 jurejurando,
1175 2292 1262 2349 sic
1302 2292 1506 2351 decem
1544 2293 1630 2362 illi
1674 2293 1849 2371 (quos
1886 2306 2023 2372 post

434 2385 802 2468 Cannensem
856 2407 1107 2467 pugnam
1158 2389 1375 2465 juratos
1417 2389 1487 2447 ad
1542 2400 1805 2456 senatum
1863 2392 2021 2450 misit

435 2483 750 2556 Hannibal,
803 2503 878 2542 se
925 2485 983 2542 in
1039 2497 1230 2543 castra
1291 2486 1574 2544 redituros
1627 2506 1715 2558 ea,
1772 2507 2020 2563 quorum

432 2579 600 2658 potiti
641 2590 806 2638 erant
848 2581 1032 2653 Poeni,
1075 2582 1187 2640 nisi
1241 2582 1315 2639 de
1367 2582 1750 2642 redimendis·
1775 2585 2019 2661 captivis

434 2677 941 2758 impetravissent),
997 2679 1046 2736 si
1100 2697 1219 2737 non
1275 2679 1590 2749 redierunt,
1633 2679 2017 2756 vituperandi.

340 2783 404 2836 25
434 2775 526 2834 De
554 2775 760 2850 quibus
789 2795 907 2833 non
935 2793 1137 2833 omnes
1166 2795 1285 2833 uno
1312 2777 1514 2835 modo:
1558 2796 1690 2835 nam
1720 2777 2017 2855 Polybius,

433 2872 618 2929 bonus
659 2882 856 2930 auctor
909 2872 1191 2949 inprimiS‚
1234 2874 1453 2946 scribit,
1493 2871 1568 2932 ex
1608 2875 1810 2934 decem
1854 2878 2020 2937 nobi-

431 2967 687 3041 lissimis,
715 2969 978 3045 quitum
1016 2980 1180 3028 erant
1223 2971 1401 3044 missi,
1438 2991 1649 3032 novem
1689 2973 2016 3050 revertisse,
