2192 3517
199 156 257 206 L.
277 101 381 217 ui]
771 156 858 208 ΒΕ
900 157 1190 205 omens.
1751 139 1849 203 171

200 307 296 386 qui
359 307 503 364 hoc·
545 304 683 365 boni
756 305 862 363 viri
938 303 1115 363 fuisse
1187 314 1362 383 neget
1377 325 1393 376 3
1451 304 1763 388 sapientis,

203 413 440 481 negant3
498 413 579 474 ut,
622 402 668 459 si
711 401 970 469 minoris,
1010 420 1182 477 quam
1230 401 1531 478 potuisset,
1573 402 1766 461 vendi-

204 502 389 558 disset.
501 498 648 556 Haec
717 498 892 575 igitur
946 508 1033 555 est
1086 497 1186 556 illa
1248 499 1554 574 pernicies,
1610 499 1764 575 quod

206 598 340 655 alios
379 597 581 667 bonne,
612 594 755 653 alios
794 594 1101 671 sapientes,
1142 594 1500 654 existimant:
1542 615 1614 653 ex
1652 614 1766 671 quo

202 674 441 764 EnniuS,
499 697 535 724 “
556 691 940 767 nequidquam
1011 708 1212 767 sapere
1278 691 1614 767 sapientem,
1666 692 1764 768 qui
1792 696 1824 744 5

201 790 308 847 sibi
335 787 453 865 ipse
479 788 751 864 prodesse
776 806 891 848 non
920 787 1162 863 quiret.’'
1246 787 1401 845 Vere
1427 788 1488 845 id
1514 774 1765 864 quidem,

202 887 267 957 si,
296 886 429 961 quid
468 894 621 942 esset
649 891 685 918 “
703 884 1034 961 prodesse‚”
1065 884 1208 942 mihi
1234 903 1369 943 cum
1408 873 1603 943 Ennio
1630 903 1768 943 con0.

203 982 430 1039 veniret.
515 980 878 1038 Hecatonem
906 980 1137 1055 quidem
1167 977 1487 1054 Rhodium,
1517 981 1766 1058 discipu-

201 1079 313 1136 lum
354 1077 615 1150 Panaetii,
646 1078 813 1135 video
853 1076 913 1135 in
953 1077 1038 1134 iis.
1062 1077 1247 1149 libris,
1275 1096 1420 1154 quos
1455 1079 1531 1136 de*
1554 1076 1767 1136 Officio

200 1174 425 1251 scripsit
473 1174 555 1236 Q.
611 1174 930 1245 Tuberoni,
986 1174 1202 1245 dicere,
1263 1174 1553 1251 Sapientis
1619 1193 1766 1248 esse,
1797 1180 1858 1229 10

198 1271 339 1330 nihil
388 1281 591 1329 contra
642 1289 851 1342 mores,
896 1271 1077 1348 leges,
1123 1271 1387 1340 instituta
1437 1271 1779 1354 facientem,
1891 1261 1894 1264 Δ

198 1368 409 1426 habere
459 1367 740 1428 rationem
794 1368 907 1427 rei.
934 1367 1248 1426 familiaris.
1348 1368 1559 1445 Neque
1612 1370 1767 1427 enim
1869 1397 1872 1398 ⁷

197 1464 381 1526 solum
430 1464 599 1522 nobis
645 1464 852 1522 divites
897 1483 1025 1522 esse
1070 1464 1353 1537 volumus,
1385 1466 1503 1522 ssed
1551 1465 1767 1538 liberis,

196 1561 551 1638 propinquiS,
594 1561 814 1632 amicis,
851 1560 1211 1636 maximeque
1251 1560 1616 1638 reipublicae:
1658 1562 1780 1630 sine

195 1657 462 1735 gulorum
503 1658 658 1716 enim
698 1657 1019 1729 facultates,
1048 1666 1108 1714 et
1147 1657 1350 1732 copiae,
1383 1656 1595 1718 divitias
1633 1667 1770 1715 sunt
1800 1665 1860 1712 15

196 1754 464 1812 civitatis.
548 1751 708 1811 Huic
750 1753 1023 1830 Scaevoiae
1065 1752 1278 1814 factum
1323 1751 1424 1830 (de
1452 1771 1567 1829 quo
1596 1753 1769 1829 paulo

197 1861 331 1908 ante
374 1849 521 1930 dixi)
559 1849 794 1925 'placere
833 1833 1206 1908 nullomodo
1250 1858 1455 1925 potest.
1536 1848 1770 1916 Etenim

193 1947 438 2004 omnino
490 1947 712 2006 tantum
760 1965 823 2004 se
874 1956 1049 2024 negat
1102 1946 1387 2005 facturum
1442 1946 1771 2023 compendii

192 2044 282 2102 sui
341 2044 537 2114 causa,
593 2043 747 2119 quod
801 2063 915 2101 non
969 2043 1159 2101 liceat.
1272 2043 1432 2101 Huic
1483 2062 1596 2101 nec
1647 2041 1772 2102 laus

193 2159 411 2216 magna
461 2139 783 2212 tribuenda,
836 2159 946 2198 nec
1000 2140 1185 2217 gratia
1237 2150 1341 2198 est.
1458 2139 1597 2212 Sed,
1652 2139 1770 2197 sive
1798 2146 1861 2196 20

192 2236 595 2294 simulatioet
641 2236 1018 2293 dissimulatio
1065 2236 1233 2293 dolus
1278 2236 1463 2294 malus
1501 2246 1606 2309 est,
1647 2256 1773 2312 per-

190 2351 399 2407 paucae
441 2351 533 2389 res
572 2342 724 2403 sunt,
755 2331 1060 2408 inquibus
1101 2331 1415 2390 dolus-iste
1441 2333 1625 2391 malus
1652 2352 1771 2391 non
1813 2391 1816 2398 N

191 2437 490 2500 versetur:
556 2428 676 2486 sive
729 2429 813 2487 vir
867 2430 1055 2487 bonus
1118 2439 1207 2486 est
1260 2429 1308 2487 is
1360 2430 1458 2506 qui
1521 2430 1771 2507 prodest,

187 2523 409 2600 quibus
447 2535 654 2601 potest,
696 2535 867 2585 nocet
906 2525 1147 2599 nemini,
1177 2536 1336 2586 certe
1375 2525 1547 2583 istum
1587 2526 1772 2586 virum

190 2620 419 2676 bonum
449 2638 568 2677 non
597 2620 767 2677 facile
795 2621 1161 2697 reperiemus,
1243 2620 1557 2698 Nunquam
1598 2621 1774 2699 igitur
1800 2627 1866 2678 ὦ

186 2727 281 2771 est
341 2716 479 2773 utile
524 2733 790 2792 peccare,
838 2716 975 2793 quia
1018 2736 1244 2793 semper
1288 2727 1383 2778 ,est
1425 2727 1633 2794 *turpez
1694 2726 1773 2788 et,

183 2812 336 2888 quia
383 2831 608 2888 semper
650 2822 738 2870 est
785 2813 1109 2886 honestum,
1150 2814 1335 2871 virum
1376 2814 1590 2872 bonum
1629 2832 1775 2882 esse,

183 2927 429 2984 semper
455 2918 544 2966 est
571 2908 727 2966 utile.
818 2934 822 2938 ·
