2192 3517
340 198 423 262 40
988 210 1078 258 nr:
1121 207 1413 258 omens.
1860 209 1955 271 [1,.
1976 209 2023 259 1.

438 360 538 439 qui
578 359 817 433 faciunt,
847 359 951 418 sed
983 359 1082 437 qui
1108 359 1460 437 propulsant,
1490 357 1779 436 injuriam.
1859 356 2029 419 Vera

437 466 631 517 autem
689 465 749 515 et
801 456 1031 535 sapiens
1084 456 1263 515 animi
1318 455 1657 534 magnitudo
1710 455 2026 518 honestum

436 552 599 627 illud,
649 554 802 630 quod
851 554 1100 613 maxime
1147 564 1356 613 natura
1407 553 1680 629 sequitur,
1732 553 1793 611 in
1848 552 2026 612 sactis

433 650 704 727 positum,
733 669 849 709 non
879 651 939 708 in
967 650 1170 728 gloria,
1189 650 1448 727 judicat:
1490 649 1928 727 principemque
1957 668 2024 710 se

371 762 407 812 5
436 765 563 805 esse
589 747 824 819 mavult,
854 766 1026 823 quam
1051 746 1250 805 videri.
1333 746 1587 818 Etenim,
1611 746 1801 822 quiex
1823 765 2024 807 errore

436 844 715 921 imperitae
743 843 1129 902 multitudinis
1154 842 1387 919 pendet,
1412 842 1509 901 hic
1538 842 1599 900 in
1626 841 1853 920 magnis
1880 841 2025 902 viris

436 961 551 1002 non
592 953 680 1000 est
719 940 1035 999 habendus,
1119 939 1424 1000 Facillime
1466 948 1658 998 autem
1695 938 1774 997 ad
1813 958 1907 997 res
1936 939 2026 998 in·

429 1030 615 1117 ju'stas
644 1037 975 1114 impellitur,
1004 1046 1069 1095 ut
1109 1037 1350 1114 quisque
1378 1045 1466 1094 est
1495 1035 1774 1094 altissimo
1804 1035 2021 1108 anime,

435 1144 495 1194 et
520 1134 720 1213 gloriae
749 1134 983 1211 cupido.
1061 1133 1190 1196 Qui
1229 1133 1395 1192 locus
1434 1141 1524 1191 est
1563 1150 1702 1190 sane
1738 1132 2021 1201 lubricus,

341 1251 405 1302 10
434 1231 589 1309 quod
616 1231 711 1289 vix
738 1231 1047 1304 invenitur,
1077 1231 1197 1308 qui,
1226 1231 1519 1316 laboribus
1545 1229 1850 1306 susceptis,
1871 1230 2025 1306 peri-

435 1329 699 1405 culisque
740 1328 930 1401 aditis,
960 1347 1096 1401 non,
1125 1328 1289 1405 quasi
1316 1326 1645 1387 mercedem
1673 1345 1866 1388 rerum
1892 1345 2023 1405 ges-

433 1436 643 1499 tarum,
673 1425 963 1486 desideret
988 1426 1246 1504 gloriam.

513 1617 656 1680 XX.
700 1619 971 1679 Omnino
982 1619 1144 1679 fortis
1166 1619 1409 1693 animus»,
1433 1631 1492 1677 et
1511 1637 1775 1697 magnus,
1794 1618 2023 1678 duabus

435 1719 610 1777 rebus
650 1718 905 1776 maxime
946 1717 1236 1789 cernitur;
1281 1735 1521 1793 quarum
1565 1736 1682 1775 una
1723 1716 1783 1774 in
1827 1734 2024 1775 rerum

343 1828 407 1879 15
437 1825 802 1876 externarum
831 1814 1213 1893 despicientia
1238 1814 1492 1891 ponitur,
1522 1829 1656 1873 cum
1682 1831 2019 1891 persuasum

437 1913 532 1986 sit,
561 1912 706 1971 nihil
736 1895 1051 1982 hominem,
1072 1911 1186 1968 nisi
1214 1911 1367 1986 quod
1387 1912 1694 1969 honestum
1722 1910 2024 1969 decorum·

437 2028 549 2087 que
596 2009 691 2081 sit,
740 2019 838 2066 aut
883 2006 1175 2077 admirari,
1219 2017 1316 2064 aut
1363 2016 1581 2083 optare,
1611 2018 1710 2066 aut
1752 2018 2021 2084 expetere

438 2114 741 2181 oportere3
778 2102 1038 2179 nullique
1077 2119 1268 2178 neque
1310 2102 1550 2174 homini,
1577 2122 1767 2180 neque
1801 2113 2021 2181 pertur-

436 2196 658 2255 bationi
687 2194 886 2267 animi,
915 2212 1028 2252 nec
1056 2194 1318 2266 fortunae,
1347 2195 1745 2253 succumbere.
1816 2195 2023 2254 Altera

341 2308 407 2359 20
437 2302 527 2353 est
554 2312 666 2366 res,
694 2301 778 2365 ut,
808 2311 944 2351 cum
987 2291 1070 2350 ita
1110 2291 1190 2349 sis
1234 2292 1476 2351 affectus
1514 2292 1728 2365 anime,
1757 2303 1822 2352 ut
1849 2311 2022 2370 supra

437 2390 578 2462 dixi,
607 2408 699 2447 res
727 2408 915 2467 getae,
943 2407 1184 2466 magnas
1224 2386 1352 2446 illas
1392 2387 1646 2465 quidem,
1675 2398 1733 2447 et
1773 2389 2021 2447 maxime

435 2486 627 2560 utileS,
657 2486 758 2545 sed
786 2496 845 2548 et
871 2487 1241 2545 vehementer
1271 2485 1497 2559 arduae,
1523 2485 1838 2562 plenasque
1863 2485 2023 2545 labo-

437 2602 566 2642 rum
611 2592 672 2641 et
716 2583 1129 2661 periculorum,
1179 2592 1301 2640 tum
1349 2581 1501 2654 vitae,
1544 2591 1667 2639 tum
1710 2580 2018 2642 multarum

441 2680 679 2740 aliarum
706 2698 917 2752 rerum,
947 2699 1073 2756 quae
1105 2679 1177 2738 ad
1204 2679 1384 2737 vitam
1405 2677 1713 2755 pertinent.

344 2783 409 2835 25
519 2776 744 2837 Harum
784 2791 977 2836 rerum
1019 2778 1262 2840 duarum
1303 2775 1574 2854 splendor
1602 2774 1792 2834 omnis
1820 2785 1877 2834 et
1906 2795 2018 2836 am-

439 2876 660 2954 plitudo
688 2874 867 2955 (addo
895 2876 1071 2935 etiam
1099 2874 1434 2956 utilitatem)
1466 2873 1526 2932 in
1550 2867 1871 2951 p'osteriore
1898 2884 2015 2937 est:

443 2991 623 3033 causa
650 2984 858 3045 autem,
889 2985 948 3034 et
987 2974 1135 3033 ratio
1164 2972 1422 3034 efficiens
1462 2989 1706 3054 magnos
1732 2969 1901 3046 viros,
1935 2985 2016 3034 est
