2192 3517
283 235 364 293 2⁰
975 242 1062 290 m:
1101 241 1380 292 omens
1819 240 1898 302 [L.
1922 241 1962 294 ι,

377 394 591 469 ficatio,
620 395 841 454 nemini
887 414 1130 470 noeenS,
1158 395 1568 476 vituperanda:
1610 396 1711 453 sed
1741 396 1965 474 fugien-

285 569 291 576 ἦ
378 492 452 551 da
479 512 703 571 semper
732 493 944 571 injuria
969 504 1073 553 est.
1935 497 1952 504 ”

456 589 712 650 Maxime
758 602 946 649 autem
997 591 1365 649 adducuntur
1416 590 1694 667 plerique,
1744 601 1808 648 ut
1859 609 1963 648 eos

280 740 284 744 .
370 686 608 763 justitiae
650 688 841 766 capiat
881 687 1117 760 oblivio,
1156 706 1292 745 eum
1333 687 1393 745 in
1434 687 1826 763 imperiorum,
1860 687 1963 745 ho-

314 800 348 849 5
376 802 606 857 norum,
662 785 879 862 gloriar,
929 775 1310 859 cupiditatem
1369 783 1698 841 inciderint.
1777 783 1959 845 Quod

377 881 534 938 enim
563 893 651 941 est
681 881 829 964 apud
858 881 1139 952 Ennium,

534 998 566 1025 “
584 993 737 1043 Nulla
758 999 932 1043 sancta
952 993 1184 1055 societas,
1205 1008 1303 1044 nec
1322 992 1465 1056 fides,
1486 994 1631 1059 reg-ni
1650 994 1781 1057 est,”

380 1093 437 1151 id
477 1093 650 1151 latius
688 1095 882 1170 patet:
933 1109 1088 1165 nam,
1120 1092 1401 1169 quidquid
1441 1093 1723 1171 ejusmodi
1764 1103 1870 1167 est,
1899 1093 1961 1151 in

260 1263 265 1272 ι
377 1209 492 1265 quo
533 1209 651 1247 non
690 1190 910 1265 possint
947 1190 1143 1267 plures
1184 1189 1490 1263 excellere,
1528 1190 1589 1248 in
1630 1209 1702 1248 eo
1742 1190 1806 1249 fit
1843 1190 1964 1269 ple-

288 1296 347 1347 10
376 1305 618 1361 rumque
646 1297 807 1344 tanta
828 1289 1147 1360 contentio,
1171 1298 1235 1345 ut
1262 1287 1674 1350 difficillimum¹
1695 1287 1772 1344 sit
1798 1307 1964 1345 sanc-

377 1394 495 1441 tam
549 1402 774 1448 servare
842 1383 1197 1443 societatem.
1280 1384 1616 1443 Declaravit
1672 1384 1748 1441 id·
1786 1385 1961 1443 modo

377 1479 673 1545 temeritas
698 1480 766 1537 C.
788 1480 1179 1556 Caesariffiqui
1201 1481 1397 1538 omnia
1418 1482 1550 1557 jura
1569 1480 1766 1538 divina
1793 1490 1960 1557 atque

276 1561 280 1568 ’
376 1576 631 1635 humana
668 1577 960 1652 pervertit,
1000 1587 1233 1653 propter
1274 1596 1430 1650 eum,
1474 1585 1644 1652 quern
1685 1577 1796 1637 sibi
1839 1578 1961 1654 ipse

376 1672 670 1749 opinionis
711 1692 906 1730 errore
946 1673 1210 1749 finxerat,
1235 1674 1642 1751 principatum.
1726 1673 1834 1732 Est
1868 1694 1963 1734 au-

285 1783 347 1833 15
376 1781 492 1829 tem
536 1769 597 1827 in
639 1770 753 1828 hoc
794 1773 1007 1848 genere
1046 1770 1371 1844 molestum,
1403 1770 1576 1846 quod,'
1607 1770 1666 1828 in
1697 1761 1960 1828 maximis

378 1867 604 1940 animia,
654 1867 1248 1945 splendidissimisque
1296 1865 1567 1944 ingeniiS,
1622 1867 1961 1944 plerumque

375 1965 662 2022 exsistunt
691 1963 945 2034 honoriS,
978 1962 1222 2037 imperii,
1251 1962 1545 2037 potentiae,
1574 1961 1773 2038 gloriae
1802 1963 1960 2038 cupi-

376 2061 619 2120 ditates:
664 2078 776 2133 quo
802 2059 987 2135 magis
1029 2056 1350 2116 cavendum
1392 2067 1500 2130 est,
1529 2076 1604 2115 ne
1632 2057 1771 2133 quid
1799 2059 1859 2115 in
1887 2077 1958 2115 eo

376 2174 590 2233 genere
615 2164 909 2264 peccetur.

282 2259 347 2309 20
458 2251 572 2309 Sed
630 2247 688 2310 in
746 2250 904 2309 omni
959 2249 1244 2326 injustitia
1295 2249 1642 2327 permultum
1699 2251 1956 2324 interest,

377 2358 568 2406 utrum
607 2348 1043 2423 perturbatione
1088 2346 1281 2422 aliqua
1325 2347 1501 2405 animi
1533 2346 1686 2424 (quoe
1713 2349 1959 2424 plerum-

377 2464 489 2521 que
531 2446 723 2502 brevis
762 2455 868 2517 est,
899 2455 970 2504 et
1016 2444 1087 2501 ad
1131 2444 1409 2523 tempus),
1462 2464 1532 2502 an
1584 2446 1853 2506 consulto
1901 2457 1958 2503 et

379 2537 653 2619 cogitata,
697 2542 796 2598 fiat
838 2541 1061 2617 injuria.
1147 2539 1394 2599 Leviora
1433 2542 1588 2599 enim
1630 2551 1784 2614 sunt,
1831 2562 1955 2617 quae

378 2638 680 2715 repentino
723 2637 913 2713 aliquo
956 2648 1111 2695 motu
1159 2637 1453 2709 accidunt,
1495 2657 1666 2714 quarn
1708 2657 1798 2710 ea,
1832 2658 1956 2714 quae

285 2749 350 2801 25
379 2735 653 2793 meditata
693 2744 751 2793 et
789 2746 1105 2811 praeparata
1145 2734 1484 2794 inferuntur.
1569 2735 1664 2793 Ac
1704 2735 1777 2793 de
1819 2736 1960 2793 infe-

379 2833 560 2891 renda
584 2832 813 2910 quidem
845 2832 1052 2909 injuria
1080 2821 1219 2891 satis
1248 2831 1469 2890 dictum
1499 2843 1601 2892 est.

459 3024 568 3085 IX.
610 3026 1120 3087 Praetermittendae
1164 3036 1354 3085 autem
1396 3027 1771 3103 defensionis,
1802 3030 1959 3087 dese·

2169 2657 2179 2818 1

2161 2823 2176 3218 ί

2161 3237 2179 3491 Ι
