2192 3517
134 207 282 268 L.1.]
727 208 817 257 nn
857 203 1153 257 omens.
1705 219 1712 224 ·
1745 192 1829 254 85

132 376 270 436 quae
325 367 416 416 est
468 377 662 417 rerum
715 329 1166 437 expetendarum
1218 356 1735 459 fugiendarumque

136 453 410 514 scientia.
521 492 527 496 -
1769 515 1774 518 Α
1841 484 1868 542 ‘2

221 553 339 612 Illa
393 564 586 612 autem
640 553 944 631 sapientia,
990 572 1168 630 quam
1192 539 1541 632 principem
1595 551 1735 625 dixi,

138 671 338 711 rerum
368 662 457 710 est
485 652 806 710 divinarum
838 661 1008 727 atque
1046 652 1428 712 humanarum
1457 648 1744 743 scientia3

130 769 205 809 -1n
250 750 369 825 qua
411 749 739 810 continetur
776 750 1035 824 Deorum
1066 759 1124 837 et
1152 733 1454 808 nominum
1484 765 1740 806 commu·
1765 757 1798 805 5

138 848 299 906 nitas
342 858 401 904 et
438 847 691 905 societas
732 847 881 905 inter
923 847 1100 926 ipsos.
1178 845 1269 912 Ea
1295 846 1344 904 si
1371 846 1623 904 maxima
1653 856 1740 902 est

142 943 244 1023 (ut
284 955 375 1003 est
416 945 624 1024 certe),
659 953 911 1002 necesse
930 947 1048 1017 est,
1079 944 1232 1019 quod
1262 963 1297 1001 a
1324 941 1740 1004 communitate

142 1043 398 1100 ducatur
453 1042 730 1115 officium,
781 1042 840 1100 id
893 1061 1020 1099 esse
1074 1041 1406 1099 maximum.
1504 1040 1738 1100 Etenim

142 1140 426 1218 cognitio·
445 1140 967 1223 contemplatioque
1006 1151 1228 1198 naturae
1257 1158 1466 1198 manca
1489 1139 1739 1216 quodam

142 1238 327 1297 modo
370 1248 541 1314 atque
582 1238 857 1296 inchoata
895 1237 990 1311 sit,
1030 1237 1082 1295 si
1124 1237 1300 1297 nulla.
1338 1237 1493 1295 actio
1548 1254 1741 1294 rerum
1772 1241 1833 1290 10

141 1347 570 1412 consequatur:
614 1354 685 1394 ea
726 1346 914 1393 autem
960 1335 1113 1396 actio
1155 1335 1215 1392 in
1258 1335 1557 1393 hominum
1586 1346 1743 1399 com-
1801 1351 1819 1374 2

142 1433 342 1492 modis
370 1433 603 1491 tuendis
629 1433 877 1490 maxime
919 1431 1194 1491 cer-nitur.
1277 1432 1539 1494 Pertinet
1566 1431 1758 1509 igitur-

152 1531 229 1590 ad
266 1530 608 1588 societatem
651 1531 881 1608 generis
922 1531 1195 1611 humani:
1252 1547 1407 1607 ergo,
1435 1531 1560 1587 haec
1608 1534 1744 1606 cog-

148 1627 367 1692 nitioni
408 1629 815 1705 anteponenda
853 1638 974 1685 est:
1019 1638 1187 1703 atque
1216 1626 1275 1684 id
1303 1627 1554 1703 optimus
1582 1627 1745 1702 quis-

146 1745 264 1803 que
291 1745 355 1784 re
385 1726 508 1801 ipsa
537 1726 811 1797 ostendit,
840 1736 897 1783 et
932 1725 1175 1802 judicat.
1253 1723 1414 1786 Quis
1455 1724 1611 1781 enim
1657 1734 1746 1781 est
1776 1730 1836 1778 15

147 1835 270 1882 tam
326 1824 574 1900 cupidus
629 1823 689 1880 in
747 1821 1155 1898 perspicienda
1223 1821 1744 1899 cognoscendaque

52 1901 64 1914 ⁹
148 1940 346 1980 rerum
364 1921 602 1993 natura,
633 1933 715 1992 ut,
739 1920 788 1980 si
816 1919 891 1991 ei,
913 1918 1185 1977 tractanti
1216 1917 1745 1998 contemplantique

150 2039 246 2078 res
303 2019 662 2097 cognitione
693 2017 1082 2096 dignissimae,
1133 2017 1328 2075 subito
1380 2017 1455 2074 sit
1510 2017 1746 2075 allatum

146 2117 481 2196 periculum
535 2116 962 2191 discrimenque
1013 2115 1235 2192 patriae,
1287 2115 1384 2173 cui
1438 2115 1745 2172 subvenire

142 2214 542 2292 opitularique
593 2212 795 2289 possit,
849 2231 965 2270 non
1028 2212 1135 2270 illa
1199 2212 1399 2269 omnia
1459 2212 1747 2287 relinquat
1774 2222 1837 2273 m

152 2323 327 2388 atque
379 2311 632 2388 abjiciat5
681 2310 857 2368 etiam
905 2309 955 2367 si
1002 2310 1370 2367 dinumerare
1419 2327 1481 2365 se
1530 2309 1743 2382 stellas,

155 2418 255 2465 aut
295 2407 487 2465 metiri
535 2406 736 2465 mundi
779 2406 1259 2483 magnitudinem,
1300 2424 1471 2481 posse
1514 2405 1748 2463 arbitre-

153 2503 289 2563 tur'l
373 2504 569 2580 Atque
611 2504 725 2561 hoc
767 2501 919 2560 idem
964 2502 1024 2559 in
1059 2499 1335 2578 parentiS,
1366 2501 1427 2559 in
1458 2501 1652 2574 amici,
1682 2520 1748 2559 re

155 2612 255 2662 aut
293 2601 557 2677 periculo
598 2600 817 2658 fecerit.
899 2599 1138 2661 Quibus
1173 2600 1349 2658 rebus
1383 2599 1744 2677 intelligitur,

152 2698 366 2757 studiis
438 2697 763 2772 officiisque
822 2695 1097 2762 ‘scientias
1163 2696 1552 2773 pnaeponende
1618 2714 1745 2753 esse
1774 2703 1838 2753 25

146 2795 352 2852 officia
384 2793 645 2870 justitiae,
674 2813 802 2869 quae
841 2794 1134 2871 pertinent
1162 2793 1233 2851 ad
1262 2793 1562 2851 Hominum
1593 2791 1747 2850 utili·

152 2901 369 2964 mem3
411 2891 527 2967 qua
553 2890 699 2949 nihil
728 2890 951 2949 homini
979 2910 1107 2949 esse
1135 2891 1310 2949 debet
1337 2889 1643 2965 antiquius.
