2192 3517
350 192 463 252 188
1015 203 1103 251 nr.
1148 202 1439 249 osricus.
1795 235 1799 240 .
1830 202 1912 263 [L.
1930 201 2020 250 m.

515 352 712 412 XXV.
759 353 850 412 Ao
891 369 965 411 ne
1008 352 1106 411 illa
1146 353 1376 429 quidem
1415 352 1700 429 promissa
1737 352 2022 412 servanda

438 460 592 523 sunt,
634 467 760 525 quae
814 469 929 510 non
979 460 1113 508 sunt
1151 450 1224 508 iis
1267 450 1405 526 ipsis
1445 449 1629 523 utilia,
1670 449 1881 526 quibus
1921 449 2038 509 illa.

437 547 783 624 promiseris,
887 547 985 606 Sol
1028 546 1380 606 Phaethonti
1420 545 1540 605 filio
1583 545 1674 623 (ut
1715 546 2018 608 redeamus

439 643 512 702 ad
566 644 813 723 fabulas)
870 644 1155 702 facturum
1209 663 1271 701 se
1325 660 1451 702 esse
1516 643 1681 714 dixit,
1736 642 2018 719 quidquid

377 744 410 794 5
438 742 723 817 optasset:
765 741 998 817 optavit,
1028 751 1091 800 ut
1118 739 1177 798 in
1207 759 1440 799 eurtum
1471 740 1658 816 patris
1685 740 2014 798 tolleretur:

439 837 698 895 sublatus
740 847 858 920 est,
920 848 1087 913 atque
1133 837 1389 909 insanus,
1434 836 1548 912 qud
1592 836 1851 894 eonstitit
1894 836 2018 896 ictu

440 934 693 992 fulminis
744 931 1097 1011 deflagravit.
1177 933 1417 998 Quanto
1459 932 1663 991 melius
1705 917 1911 1006 fuerat,
1957 933 2015 991 in

440 1031 573 1103 hoo,
639 1030 980 1107 promissum
1052 1029 1232 1106 patris
1304 1049 1420 1090 non
1492 1048 1619 1087 esse
1691 1031 2012 1088 servatum!

354 1181 359 1192 ,
436 1125 622 1197 Quid,
664 1125 817 1201 quod
858 1125 1128 1184 Theseus
1167 1126 1360 1202 exegit
1396 1126 1741 1202 promissum
1782 1145 1817 1183 a
1855 1126 2017 1203 Nep-

349 1230 410 1279 10
437 1215 620 1280 tuno?
719 1221 833 1280 Cui
875 1242 1006 1280 cum
1045 1230 1165 1279 tres
1206 1222 1527 1299 optationes
1566 1221 1879 1299 Neptunus
1920 1223 2017 1281 de·

326 1381 333 1386 ,
436 1307 633 1390 disset,
664 1317 880 1393 optavit
921 1318 1215 1378 interitum
1259 1317 1578 1395 Hippoiyti,
1609 1318 1711 1376 filii
1739 1319 1851 1392 sui,
1880 1339 2015 1378 oum

374 1405 381 1412 ’
438 1411 488 1471 is
525 1414 672 1490 patri
715 1425 1016 1491 suspectus
1055 1415 1208 1473 esset
1236 1415 1309 1472 de
1339 1416 1623 1473 noverea:
1665 1433 1782 1492 quo
1819 1426 2016 1492 optato

438 1510 759 1587 impetrato,
786 1511 1054 1570 Theseus
1082 1512 1141 1570 in
1171 1512 1435 1569 maximis
1463 1501 1866 1570 fuit'luotibus.

514 1606 742 1670 Quid‘e‘
780 1609 1184 1686 Agamemnon
1240 1628 1376 1666 cum
1424 1609 1745 1666 devovisset
1783 1609 2012 1682 Dianae‚

348 1712 409 1761 15
437 1706 589 1782 quod
632 1705 691 1763 in
733 1701 840 1763 suo
879 1724 1060 1782 regno
1094 1705 1562 1780 'pulcherrimum'
1609 1715 1806 1764 natum
1862 1717 2016 1766 esset

438 1801 538 1858 illo
580 1820 750 1874 anno,
780 1801 1094 1859 immolavit
1133 1798 1514 1878 Iphigeniam,
1549 1801 1663 1876 qua
1705 1801 1849 1859 nihil
1892 1813 2017 1860 erat

437 1915 509 1954 eo
550 1897 780 1971 quidem
825 1915 976 1954 anno
1016 1907 1216 1954 natum
1262 1896 1575 1972 pulchrius
1658 1895 2015 1956 Promissum

436 1992 629 2069 potius
667 1997 784 2049 non
825 1977 1176 2064 faciendum,
1205 2011 1374 2068 quam
1403 2002 1517 2050 tam
1548 2002 1757 2050 tetrum
1786 1993 2016 2053 facinus

438 2088 856 2148 admittendum
897 2088 1019 2146 fuit.
1103 2088 1261 2166 Ergo
1301 2099 1359 2147 et
1398 2090 1679 2165 promissa
1717 2109 1838 2148 non
1875 2091 2017 2150 faoi-

345 2196 407 2246 20
438 2183 589 2240 enda
628 2193 1072 2258 nonnunquam;
1115 2201 1305 2259 neque
1346 2203 1570 2260 semper
1598 2185 1861 2261 deposita
1885 2187 2018 2244 red-

438 2280 643 2337 denda.
754 2280 820 2337 Si
861 2279 1113 2357 gladium
1163 2281 1291 2356 quis
1336 2282 1483 2358 apud
1523 2292 1582 2339 te
1622 2283 1763 2339 sanfi
1816 2293 2016 2342 mente

437 2374 783 2452 deposuerit,
803 2363 1026 2453 ¹repetat
1052 2377 1346 2436 insaniens
1364 2396 1379 2448 3
1422 2378 1681 2449 reddere,
1703 2389 2014 2454 peecatum

437 2474 544 2542 sit3
600 2492 713 2531 non
768 2474 1026 2545 reddere,
1069 2474 1342 2533 officium.
1424 2475 1654 2537 ,Quid'e
1709 2475 1759 2532 si
1801 2476 1868 2547 ie,
1915 2476 2015 2553 qui

439 2570 589 2646 apud
641 2579 698 2627 te
749 2570 1055 2646 pecuniam
1116 2570 1462 2647 deposuerit,
1520 2571 1730 2630 bellum
1803 2572 2018 2640 inferat

344 2683 408 2732 25
436 2666 656 2744 patriae,
724 2667 1006 2725 reddasne
1079 2667 1444 2743 depositum?
1570 2667 1728 2739 Non,
1799 2669 2014 2727 oredo:

439 2762 618 2821 facias
683 2761 837 2819 enim
906 2772 1110 2820 eontra
1170 2763 1602 2839 rempublioam,
1658 2783 1784 2839 quae
1839 2765 2018 2824 debet

437 2877 564 2917 esse
605 2858 915 2916 carissima.
1000 2858 1102 2915 Sic
1144 2852 1341 2930 muita,
1370 2879 1497 2934 quae
1526 2859 1765 2918 honesta
1803 2862 2017 2919 natur&

436 2956 700 3012 videntur
768 2973 912 3025 esse,
966 2954 1321 3031 temporibus
1372 2956 1518 3014 fiunt
1569 2975 1689 3015 non
1748 2956 2013 3016 honesta.
