<?xml version="1.0" encoding="UTF-8"?>
<!DOCTYPE html PUBLIC "-//W3C//DTD XHTML 1.0 Transitional//EN"
    "http://www.w3.org/TR/xhtml1/DTD/xhtml1-transitional.dtd">
<html xmlns="http://www.w3.org/1999/xhtml" xml:lang="en" lang="en">
 <head>
  <title>
</title>
<meta http-equiv="Content-Type" content="text/html;charset=utf-8" />
  <meta name='ocr-system' content='tesseract 3.04.00' />
  <meta name='ocr-capabilities' content='ocr_page ocr_carea ocr_par ocr_line ocrx_word'/>
</head>
<body>
  <div class='ocr_page' id='page_1' title='image "./mtciceronisdeof05cicegoog/mtciceronisdeof05cicegoog_0064.png"; bbox 0 0 2192 3517; ppageno 0'>
   <div class='ocr_carea' id='block_1_1' title="bbox 281 162 1965 238">
    <p class='ocr_par' dir='ltr' id='par_1_1' title="bbox 281 162 1965 238">
     <span class='ocr_line' id='line_1_1' title="bbox 281 162 1965 238; baseline 0.004 -27"><span class='ocrx_word' id='word_1_1' title='bbox 281 162 361 221; x_wconf 79' lang='grc'><strong>58</strong></span> <span class='ocrx_word' id='word_1_2' title='bbox 964 165 1063 238; x_wconf 45' lang='grc' dir='ltr'><strong>ΒΕ,</strong></span> <span class='ocrx_word' id='word_1_3' title='bbox 1088 166 1379 214; x_wconf 87' lang='lat' dir='ltr'><strong>OFFICIIS.</strong></span> <span class='ocrx_word' id='word_1_4' title='bbox 1820 170 1901 230; x_wconf 81' lang='lat' dir='ltr'><strong>[L.</strong></span> <span class='ocrx_word' id='word_1_5' title='bbox 1924 172 1965 217; x_wconf 89' lang='lat'><strong>1.</strong></span> 
     </span>
    </p>
   </div>
   <div class='ocr_carea' id='block_1_2' title="bbox 288 315 1965 1267">
    <p class='ocr_par' dir='ltr' id='par_1_2' title="bbox 352 315 1965 682">
     <span class='ocr_line' id='line_1_2' title="bbox 456 315 1964 383; baseline 0.002 -6"><span class='ocrx_word' id='word_1_6' title='bbox 456 315 690 377; x_wconf 89' lang='lat' dir='ltr'>XXIX.</span> <span class='ocrx_word' id='word_1_7' title='bbox 733 315 949 383; x_wconf 13' lang='lat' dir='ltr'><strong>Omnis&gt;</strong></span> <span class='ocrx_word' id='word_1_8' title='bbox 987 326 1182 380; x_wconf 85' lang='lat' dir='ltr'><strong>autem</strong></span> <span class='ocrx_word' id='word_1_9' title='bbox 1225 317 1377 376; x_wconf 91' lang='lat' dir='ltr'><strong>actio</strong></span> <span class='ocrx_word' id='word_1_10' title='bbox 1415 337 1620 376; x_wconf 86' lang='lat' dir='ltr'><strong>vacare</strong></span> <span class='ocrx_word' id='word_1_11' title='bbox 1665 320 1839 379; x_wconf 79' lang='lat' dir='ltr'><strong>debet</strong></span> <span class='ocrx_word' id='word_1_12' title='bbox 1877 332 1964 380; x_wconf 89' lang='lat' dir='ltr'><strong>te-</strong></span> 
     </span>
     <span class='ocr_line' id='line_1_3' title="bbox 379 414 1960 494; baseline 0.002 -21"><span class='ocrx_word' id='word_1_13' title='bbox 379 417 639 477; x_wconf 84' lang='lat' dir='ltr'><strong>meritate</strong></span> <span class='ocrx_word' id='word_1_14' title='bbox 653 425 711 472; x_wconf 90' lang='lat' dir='ltr'><strong>et</strong></span> <span class='ocrx_word' id='word_1_15' title='bbox 727 414 1083 490; x_wconf 69' lang='lat' dir='ltr'><strong>negligentia</strong></span> <span class='ocrx_word' id='word_1_16' title='bbox 1102 433 1116 485; x_wconf 82' lang='lat'><em>3</em></span> <span class='ocrx_word' id='word_1_17' title='bbox 1147 432 1258 471; x_wconf 91' lang='lat' dir='ltr'><strong>nec</strong></span> <span class='ocrx_word' id='word_1_18' title='bbox 1280 433 1413 471; x_wconf 81' lang='lat' dir='ltr'><strong>vero</strong></span> <span class='ocrx_word' id='word_1_19' title='bbox 1433 435 1601 494; x_wconf 84' lang='lat' dir='ltr'><strong>agere</strong></span> <span class='ocrx_word' id='word_1_20' title='bbox 1627 418 1960 493; x_wconf 82' lang='lat' dir='ltr'><strong>quicquam,</strong></span> 
     </span>
     <span class='ocr_line' id='line_1_4' title="bbox 352 510 1960 594; baseline 0.006 -31"><span class='ocrx_word' id='word_1_21' title='bbox 352 513 543 589; x_wconf 69' lang='lat' dir='ltr'><strong>¹,cujus</strong></span> <span class='ocrx_word' id='word_1_22' title='bbox 596 530 715 568; x_wconf 87' lang='lat' dir='ltr'><strong>non</strong></span> <span class='ocrx_word' id='word_1_23' title='bbox 769 510 950 587; x_wconf 82' lang='lat' dir='ltr'><strong>possit</strong></span> <span class='ocrx_word' id='word_1_24' title='bbox 998 528 1232 568; x_wconf 88' lang='lat' dir='ltr'><strong>causam</strong></span> <span class='ocrx_word' id='word_1_25' title='bbox 1287 512 1641 586; x_wconf 83' lang='lat' dir='ltr'><strong>probabilem</strong></span> <span class='ocrx_word' id='word_1_26' title='bbox 1693 515 1960 594; x_wconf 83' lang='lat' dir='ltr'><strong>reddere.</strong></span> 
     </span>
     <span class='ocr_line' id='line_1_5' title="bbox 380 607 1965 682; baseline 0.003 -17"><span class='ocrx_word' id='word_1_27' title='bbox 380 609 527 666; x_wconf 81' lang='lat' dir='ltr'><strong>Haec</strong></span> <span class='ocrx_word' id='word_1_28' title='bbox 569 619 654 666; x_wconf 87' lang='lat' dir='ltr'><strong>est</strong></span> <span class='ocrx_word' id='word_1_29' title='bbox 696 607 852 668; x_wconf 76' lang='lat' dir='ltr'><strong>enirn</strong></span> <span class='ocrx_word' id='word_1_30' title='bbox 892 607 1013 663; x_wconf 86' lang='lat' dir='ltr'><strong>fere</strong></span> <span class='ocrx_word' id='word_1_31' title='bbox 1060 607 1372 682; x_wconf 81' lang='lat' dir='ltr'><strong>descriptio</strong></span> <span class='ocrx_word' id='word_1_32' title='bbox 1411 608 1604 668; x_wconf 83' lang='lat' dir='ltr'><strong>officii.</strong></span> <span class='ocrx_word' id='word_1_33' title='bbox 1659 610 1965 670; x_wconf 24' lang='lat' dir='ltr'><strong>,Efficien-</strong></span> 
     </span>
    </p>

    <p class='ocr_par' dir='ltr' id='par_1_3' title="bbox 288 685 1962 1267">
     <span class='ocr_line' id='line_1_6' title="bbox 313 685 1960 780; baseline 0.002 -18"><span class='ocrx_word' id='word_1_34' title='bbox 313 716 344 762; x_wconf 89' lang='lat'>5</span> <span class='ocrx_word' id='word_1_35' title='bbox 379 707 516 768; x_wconf 83' lang='lat' dir='ltr'><strong>dum</strong></span> <span class='ocrx_word' id='word_1_36' title='bbox 573 715 764 762; x_wconf 87' lang='lat' dir='ltr'><strong>autem</strong></span> <span class='ocrx_word' id='word_1_37' title='bbox 820 714 926 773; x_wconf 87' lang='lat' dir='ltr'><strong>est,</strong></span> <span class='ocrx_word' id='word_1_38' title='bbox 971 712 1035 760; x_wconf 90' lang='lat' dir='ltr'><strong>ut</strong></span> <span class='ocrx_word' id='word_1_39' title='bbox 1081 685 1367 779; x_wconf 79' lang='lat' dir='ltr'><strong>ap&#39;petitus</strong></span> <span class='ocrx_word' id='word_1_40' title='bbox 1406 705 1617 764; x_wconf 85' lang='lat' dir='ltr'><strong>rationi</strong></span> <span class='ocrx_word' id='word_1_41' title='bbox 1663 708 1960 780; x_wconf 88' lang='lat' dir='ltr'><strong>obediant,</strong></span> 
     </span>
     <span class='ocr_line' id='line_1_7' title="bbox 306 803 1961 880; baseline 0.001 -20"><span class='ocrx_word' id='word_1_42' title='bbox 306 873 315 876; x_wconf 10' lang='grc' dir='ltr'>μ</span> <span class='ocrx_word' id='word_1_43' title='bbox 378 821 620 877; x_wconf 86' lang='lat' dir='ltr'><strong>eamque</strong></span> <span class='ocrx_word' id='word_1_44' title='bbox 649 819 836 877; x_wconf 87' lang='lat' dir='ltr'><strong>neque</strong></span> <span class='ocrx_word' id='word_1_45' title='bbox 862 809 1236 876; x_wconf 63' lang='lat' dir='ltr'><strong>praecurrant,</strong></span> <span class='ocrx_word' id='word_1_46' title='bbox 1259 819 1390 872; x_wconf 87' lang='lat' dir='ltr'><strong>nec,</strong></span> <span class='ocrx_word' id='word_1_47' title='bbox 1413 812 1641 878; x_wconf 85' lang='lat' dir='ltr'><strong>propter</strong></span> <span class='ocrx_word' id='word_1_48' title='bbox 1670 803 1961 880; x_wconf 81' lang='lat' dir='ltr'><strong>pigritiam</strong></span> 
     </span>
     <span class='ocr_line' id='line_1_8' title="bbox 383 895 1962 976; baseline 0 -19"><span class='ocrx_word' id='word_1_49' title='bbox 383 910 480 957; x_wconf 89' lang='lat' dir='ltr'><strong>aut</strong></span> <span class='ocrx_word' id='word_1_50' title='bbox 510 895 1148 975; x_wconf 70' lang='lat' dir='ltr'><strong>ignaviam,·deserant3</strong></span> <span class='ocrx_word' id='word_1_51' title='bbox 1191 896 1421 972; x_wconf 85' lang='lat' dir='ltr'><strong>sintque</strong></span> <span class='ocrx_word' id='word_1_52' title='bbox 1450 895 1763 973; x_wconf 78' lang='lat' dir='ltr'><strong>tranquilli,</strong></span> <span class='ocrx_word' id='word_1_53' title='bbox 1787 910 1962 976; x_wconf 86' lang='lat' dir='ltr'><strong>atque</strong></span> 
     </span>
     <span class='ocr_line' id='line_1_9' title="bbox 380 992 1961 1086; baseline 0.001 -34"><span class='ocrx_word' id='word_1_54' title='bbox 380 995 538 1052; x_wconf 88' lang='lat' dir='ltr'><strong>omni</strong></span> <span class='ocrx_word' id='word_1_55' title='bbox 576 992 1008 1070; x_wconf 80' lang='lat' dir='ltr'><strong>perturbatione</strong></span> <span class='ocrx_word' id='word_1_56' title='bbox 1046 992 1244 1086; x_wconf 21' lang='lat' dir='ltr'><strong>animi&amp;</strong></span> <span class='ocrx_word' id='word_1_57' title='bbox 1266 1004 1534 1052; x_wconf 79' lang='lat' dir='ltr'><strong>careant:</strong></span> <span class='ocrx_word' id='word_1_58' title='bbox 1578 1014 1650 1052; x_wconf 84' lang='lat' dir='ltr'><strong>ex</strong></span> <span class='ocrx_word' id='word_1_59' title='bbox 1689 1015 1799 1071; x_wconf 90' lang='lat' dir='ltr'><strong>quo</strong></span> <span class='ocrx_word' id='word_1_60' title='bbox 1840 997 1961 1054; x_wconf 89' lang='lat' dir='ltr'><strong>elu-</strong></span> 
     </span>
     <span class='ocr_line' id='line_1_10' title="bbox 379 1088 1957 1166; baseline 0.003 -18"><span class='ocrx_word' id='word_1_61' title='bbox 379 1092 535 1149; x_wconf 89' lang='lat' dir='ltr'><strong>cebit</strong></span> <span class='ocrx_word' id='word_1_62' title='bbox 599 1089 786 1163; x_wconf 81' lang='lat' dir='ltr'><strong>omnis</strong></span> <span class='ocrx_word' id='word_1_63' title='bbox 854 1088 1200 1161; x_wconf 85' lang='lat' dir='ltr'><strong>constantia,</strong></span> <span class='ocrx_word' id='word_1_64' title='bbox 1250 1090 1552 1166; x_wconf 86' lang='lat' dir='ltr'><strong>omnisque</strong></span> <span class='ocrx_word' id='word_1_65' title='bbox 1620 1092 1957 1152; x_wconf 86' lang='lat' dir='ltr'><strong>moderatio.</strong></span> 
     </span>
     <span class='ocr_line' id='line_1_11' title="bbox 288 1185 1961 1267; baseline -0.001 -19"><span class='ocrx_word' id='word_1_66' title='bbox 288 1201 345 1248; x_wconf 85' lang='lat'><strong>10</strong></span> <span class='ocrx_word' id='word_1_67' title='bbox 377 1188 531 1245; x_wconf 89' lang='lat' dir='ltr'><strong>Nam</strong></span> <span class='ocrx_word' id='word_1_68' title='bbox 573 1187 674 1267; x_wconf 84' lang='lat' dir='ltr'><strong>qui</strong></span> <span class='ocrx_word' id='word_1_69' title='bbox 719 1185 1003 1262; x_wconf 86' lang='lat' dir='ltr'><strong>appetitus</strong></span> <span class='ocrx_word' id='word_1_70' title='bbox 1043 1186 1273 1263; x_wconf 88' lang='lat' dir='ltr'><strong>longius</strong></span> <span class='ocrx_word' id='word_1_71' title='bbox 1314 1198 1650 1265; x_wconf 81' lang='lat' dir='ltr'><strong>evagantur,</strong></span> <span class='ocrx_word' id='word_1_72' title='bbox 1706 1198 1764 1248; x_wconf 89' lang='lat' dir='ltr'><strong>et</strong></span> <span class='ocrx_word' id='word_1_73' title='bbox 1807 1188 1961 1266; x_wconf 87' lang='lat' dir='ltr'><strong>(tan-</strong></span> 
     </span>
    </p>
   </div>
   <div class='ocr_carea' id='block_1_3' title="bbox 374 1282 1978 1373">
    <p class='ocr_par' dir='ltr' id='par_1_4' title="bbox 374 1282 1978 1373">
     <span class='ocr_line' id='line_1_12' title="bbox 374 1282 1978 1373; baseline 0.001 -32"><span class='ocrx_word' id='word_1_74' title='bbox 374 1303 545 1360; x_wconf 78' lang='lat' dir='ltr'><strong>quam</strong></span> <span class='ocrx_word' id='word_1_75' title='bbox 587 1284 939 1340; x_wconf 83' lang='lat' dir='ltr'><strong>exsultantes</strong></span> <span class='ocrx_word' id='word_1_76' title='bbox 982 1282 1101 1339; x_wconf 84' lang='lat' dir='ltr'><strong>sive</strong></span> <span class='ocrx_word' id='word_1_77' title='bbox 1147 1283 1437 1359; x_wconf 85' lang='lat' dir='ltr'><strong>cupiendo</strong></span> <span class='ocrx_word' id='word_1_78' title='bbox 1482 1285 1601 1342; x_wconf 86' lang='lat' dir='ltr'><strong>sive</strong></span> <span class='ocrx_word' id='word_1_79' title='bbox 1651 1284 1978 1373; x_wconf 66' lang='lat' dir='ltr'><strong>fugiendo)x</strong></span> 
     </span>
    </p>
   </div>
   <div class='ocr_carea' id='block_1_4' title="bbox 270 1379 1961 2713">
    <p class='ocr_par' dir='ltr' id='par_1_5' title="bbox 270 1379 1960 1651">
     <span class='ocr_line' id='line_1_13' title="bbox 270 1379 1958 1452; baseline 0 -11"><span class='ocrx_word' id='word_1_80' title='bbox 270 1435 278 1441; x_wconf 84' lang='lat'><strong>.</strong></span> <span class='ocrx_word' id='word_1_81' title='bbox 375 1400 492 1440; x_wconf 90' lang='lat' dir='ltr'><strong>non</strong></span> <span class='ocrx_word' id='word_1_82' title='bbox 521 1380 660 1437; x_wconf 86' lang='lat' dir='ltr'><strong>satis</strong></span> <span class='ocrx_word' id='word_1_83' title='bbox 684 1400 717 1437; x_wconf 88' lang='lat' dir='ltr'><strong>a</strong></span> <span class='ocrx_word' id='word_1_84' title='bbox 735 1379 955 1437; x_wconf 89' lang='lat' dir='ltr'><strong>ratione</strong></span> <span class='ocrx_word' id='word_1_85' title='bbox 978 1379 1319 1452; x_wconf 85' lang='lat' dir='ltr'><strong>retinentur,</strong></span> <span class='ocrx_word' id='word_1_86' title='bbox 1340 1380 1400 1438; x_wconf 90' lang='lat' dir='ltr'><strong>hi</strong></span> <span class='ocrx_word' id='word_1_87' title='bbox 1422 1380 1547 1439; x_wconf 87' lang='lat' dir='ltr'><strong>sine</strong></span> <span class='ocrx_word' id='word_1_88' title='bbox 1576 1382 1757 1439; x_wconf 88' lang='lat' dir='ltr'><strong>dubio</strong></span> <span class='ocrx_word' id='word_1_89' title='bbox 1779 1383 1958 1442; x_wconf 86' lang='lat' dir='ltr'><strong>finem</strong></span> 
     </span>
     <span class='ocr_line' id='line_1_14' title="bbox 374 1473 1960 1557; baseline 0.001 -23"><span class='ocrx_word' id='word_1_90' title='bbox 374 1473 432 1535; x_wconf 82' lang='lat' dir='ltr'><strong>et</strong></span> <span class='ocrx_word' id='word_1_91' title='bbox 485 1477 721 1546; x_wconf 80' lang='lat' dir='ltr'><strong>modum</strong></span> <span class='ocrx_word' id='word_1_92' title='bbox 767 1485 1097 1534; x_wconf 86' lang='lat' dir='ltr'><strong>transeunt:</strong></span> <span class='ocrx_word' id='word_1_93' title='bbox 1156 1476 1486 1553; x_wconf 84' lang='lat' dir='ltr'><strong>relinquunt</strong></span> <span class='ocrx_word' id='word_1_94' title='bbox 1530 1478 1687 1535; x_wconf 88' lang='lat' dir='ltr'><strong>enim</strong></span> <span class='ocrx_word' id='word_1_95' title='bbox 1720 1489 1777 1536; x_wconf 92' lang='lat' dir='ltr'><strong>et</strong></span> <span class='ocrx_word' id='word_1_96' title='bbox 1820 1479 1960 1557; x_wconf 88' lang='lat' dir='ltr'><strong>abji-</strong></span> 
     </span>
     <span class='ocr_line' id='line_1_15' title="bbox 376 1572 1959 1651; baseline 0.003 -20"><span class='ocrx_word' id='word_1_97' title='bbox 376 1575 540 1632; x_wconf 87' lang='lat' dir='ltr'><strong>ciunt</strong></span> <span class='ocrx_word' id='word_1_98' title='bbox 581 1572 977 1632; x_wconf 84' lang='lat' dir='ltr'><strong>obedientiam</strong></span> <span class='ocrx_word' id='word_1_99' title='bbox 995 1593 1010 1644; x_wconf 83' lang='lat'><em>3</em></span> <span class='ocrx_word' id='word_1_100' title='bbox 1053 1591 1166 1631; x_wconf 84' lang='lat' dir='ltr'><strong>nec</strong></span> <span class='ocrx_word' id='word_1_101' title='bbox 1192 1573 1403 1631; x_wconf 90' lang='lat' dir='ltr'><strong>rationi</strong></span> <span class='ocrx_word' id='word_1_102' title='bbox 1443 1584 1667 1651; x_wconf 85' lang='lat' dir='ltr'><strong>parent,</strong></span> <span class='ocrx_word' id='word_1_103' title='bbox 1697 1575 1792 1635; x_wconf 91' lang='lat' dir='ltr'><strong>cui</strong></span> <span class='ocrx_word' id='word_1_104' title='bbox 1822 1586 1959 1635; x_wconf 85' lang='lat' dir='ltr'><strong>sunt</strong></span> 
     </span>
    </p>

    <p class='ocr_par' dir='ltr' id='par_1_6' title="bbox 286 1670 1961 2136">
     <span class='ocr_line' id='line_1_16' title="bbox 286 1670 1958 1749; baseline 0 -18"><span class='ocrx_word' id='word_1_105' title='bbox 286 1681 346 1731; x_wconf 82' lang='lat'><strong>15</strong></span> <span class='ocrx_word' id='word_1_106' title='bbox 375 1670 622 1749; x_wconf 88' lang='lat' dir='ltr'><strong>subjecti</strong></span> <span class='ocrx_word' id='word_1_107' title='bbox 660 1671 791 1749; x_wconf 85' lang='lat' dir='ltr'><strong>lege</strong></span> <span class='ocrx_word' id='word_1_108' title='bbox 832 1677 1052 1730; x_wconf 84' lang='lat' dir='ltr'><strong>naturae</strong></span> <span class='ocrx_word' id='word_1_109' title='bbox 1077 1690 1091 1728; x_wconf 88' lang='lat'>:</span> <span class='ocrx_word' id='word_1_110' title='bbox 1125 1690 1170 1744; x_wconf 66' lang='lat' dir='ltr'><strong>a</strong></span> <span class='ocrx_word' id='word_1_111' title='bbox 1195 1671 1405 1746; x_wconf 87' lang='lat' dir='ltr'><strong>quibus</strong></span> <span class='ocrx_word' id='word_1_112' title='bbox 1434 1691 1548 1730; x_wconf 90' lang='lat' dir='ltr'><strong>non</strong></span> <span class='ocrx_word' id='word_1_113' title='bbox 1577 1672 1748 1729; x_wconf 88' lang='lat' dir='ltr'><strong>modo</strong></span> <span class='ocrx_word' id='word_1_114' title='bbox 1777 1673 1958 1732; x_wconf 80' lang='lat' dir='ltr'><strong>animi</strong></span> 
     </span>
     <span class='ocr_line' id='line_1_17' title="bbox 373 1768 1959 1848; baseline 0.001 -20"><span class='ocrx_word' id='word_1_115' title='bbox 373 1770 801 1848; x_wconf 82' lang='lat' dir='ltr'><strong>perturbantur,</strong></span> <span class='ocrx_word' id='word_1_116' title='bbox 832 1768 933 1827; x_wconf 86' lang='lat' dir='ltr'><strong>sed</strong></span> <span class='ocrx_word' id='word_1_117' title='bbox 961 1768 1138 1826; x_wconf 86' lang='lat' dir='ltr'><strong>etiam</strong></span> <span class='ocrx_word' id='word_1_118' title='bbox 1166 1787 1428 1844; x_wconf 87' lang='lat' dir='ltr'><strong>corpora.</strong></span> <span class='ocrx_word' id='word_1_119' title='bbox 1511 1768 1680 1828; x_wconf 80' lang='lat' dir='ltr'><strong>Licet</strong></span> <span class='ocrx_word' id='word_1_120' title='bbox 1705 1788 1807 1828; x_wconf 89' lang='lat' dir='ltr'><strong>ora</strong></span> <span class='ocrx_word' id='word_1_121' title='bbox 1833 1770 1959 1846; x_wconf 89' lang='lat' dir='ltr'><strong>ipsa</strong></span> 
     </span>
     <span class='ocr_line' id='line_1_18' title="bbox 376 1865 1960 1940; baseline 0.001 -16"><span class='ocrx_word' id='word_1_122' title='bbox 376 1885 615 1934; x_wconf 79' lang='lat' dir='ltr'><strong>cernere</strong></span> <span class='ocrx_word' id='word_1_123' title='bbox 658 1866 950 1938; x_wconf 84' lang='lat' dir='ltr'><strong>iratorum,</strong></span> <span class='ocrx_word' id='word_1_124' title='bbox 984 1875 1081 1923; x_wconf 89' lang='lat' dir='ltr'><strong>aut</strong></span> <span class='ocrx_word' id='word_1_125' title='bbox 1108 1884 1305 1923; x_wconf 85' lang='lat' dir='ltr'><strong>eorum</strong></span> <span class='ocrx_word' id='word_1_126' title='bbox 1333 1865 1431 1940; x_wconf 91' lang='lat' dir='ltr'><strong>qui</strong></span> <span class='ocrx_word' id='word_1_127' title='bbox 1463 1874 1561 1923; x_wconf 90' lang='lat' dir='ltr'><strong>aut</strong></span> <span class='ocrx_word' id='word_1_128' title='bbox 1587 1866 1828 1924; x_wconf 88' lang='lat' dir='ltr'><strong>libidine</strong></span> <span class='ocrx_word' id='word_1_129' title='bbox 1858 1867 1960 1925; x_wconf 88' lang='lat' dir='ltr'><strong>ali-</strong></span> 
     </span>
     <span class='ocr_line' id='line_1_19' title="bbox 376 1959 1961 2038; baseline 0.001 -18"><span class='ocrx_word' id='word_1_130' title='bbox 376 1964 490 2038; x_wconf 71' lang='lat' dir='ltr'><strong>qua</strong></span> <span class='ocrx_word' id='word_1_131' title='bbox 520 1972 617 2020; x_wconf 85' lang='lat' dir='ltr'><strong>aut</strong></span> <span class='ocrx_word' id='word_1_132' title='bbox 646 1963 801 2020; x_wconf 84' lang='lat' dir='ltr'><strong>metu</strong></span> <span class='ocrx_word' id='word_1_133' title='bbox 832 1959 1109 2030; x_wconf 76' lang='lat' dir='ltr'><strong>commoti</strong></span> <span class='ocrx_word' id='word_1_134' title='bbox 1135 1972 1288 2031; x_wconf 84' lang='lat' dir='ltr'><strong>sunt,</strong></span> <span class='ocrx_word' id='word_1_135' title='bbox 1320 1971 1418 2019; x_wconf 90' lang='lat' dir='ltr'><strong>aut</strong></span> <span class='ocrx_word' id='word_1_136' title='bbox 1445 1962 1748 2037; x_wconf 65' lang='lat' dir='ltr'><strong>voluptate⁴</strong></span> <span class='ocrx_word' id='word_1_137' title='bbox 1774 1963 1961 2022; x_wconf 57' lang='lat' dir='ltr'><strong>nimia</strong></span> 
     </span>
     <span class='ocr_line' id='line_1_20' title="bbox 377 2055 1956 2136; baseline 0.001 -21"><span class='ocrx_word' id='word_1_138' title='bbox 377 2059 663 2136; x_wconf 81' lang='lat' dir='ltr'><strong>gestiunt3</strong></span> <span class='ocrx_word' id='word_1_139' title='bbox 705 2075 949 2132; x_wconf 86' lang='lat' dir='ltr'><strong>quorum</strong></span> <span class='ocrx_word' id='word_1_140' title='bbox 990 2055 1251 2126; x_wconf 80' lang='lat' dir='ltr'><strong>omnium</strong></span> <span class='ocrx_word' id='word_1_141' title='bbox 1288 2057 1496 2128; x_wconf 77' lang='lat' dir='ltr'><strong>vultuS,</strong></span> <span class='ocrx_word' id='word_1_142' title='bbox 1526 2077 1718 2131; x_wconf 85' lang='lat' dir='ltr'><strong>voces,</strong></span> <span class='ocrx_word' id='word_1_143' title='bbox 1745 2070 1956 2133; x_wconf 73' lang='lat' dir='ltr'><strong>motuS,</strong></span> 
     </span>
    </p>

    <p class='ocr_par' dir='ltr' id='par_1_7' title="bbox 281 2162 1029 2230">
     <span class='ocr_line' id='line_1_21' title="bbox 281 2162 1029 2230; baseline -0.005 -16"><span class='ocrx_word' id='word_1_144' title='bbox 281 2172 345 2221; x_wconf 73' lang='lat'><strong>20</strong></span> <span class='ocrx_word' id='word_1_145' title='bbox 377 2165 690 2230; x_wconf 81' lang='lat' dir='ltr'><strong>statusque,</strong></span> <span class='ocrx_word' id='word_1_146' title='bbox 721 2162 1029 2212; x_wconf 87' lang='lat' dir='ltr'><strong>mutantur.</strong></span> 
     </span>
    </p>

    <p class='ocr_par' dir='ltr' id='par_1_8' title="bbox 376 2247 1957 2616">
     <span class='ocr_line' id='line_1_22' title="bbox 455 2247 1957 2328; baseline 0.001 -20"><span class='ocrx_word' id='word_1_147' title='bbox 455 2250 547 2309; x_wconf 83' lang='lat' dir='ltr'><strong>Ex</strong></span> <span class='ocrx_word' id='word_1_148' title='bbox 585 2250 793 2326; x_wconf 89' lang='lat' dir='ltr'><strong>quibus</strong></span> <span class='ocrx_word' id='word_1_149' title='bbox 832 2248 975 2307; x_wconf 90' lang='lat' dir='ltr'><strong>illud</strong></span> <span class='ocrx_word' id='word_1_150' title='bbox 1016 2247 1371 2326; x_wconf 86' lang='lat' dir='ltr'><strong>intelligitur,</strong></span> <span class='ocrx_word' id='word_1_151' title='bbox 1399 2248 1496 2328; x_wconf 80' lang='lat' dir='ltr'><strong>(ut</strong></span> <span class='ocrx_word' id='word_1_152' title='bbox 1534 2250 1604 2309; x_wconf 88' lang='lat' dir='ltr'><strong>ad</strong></span> <span class='ocrx_word' id='word_1_153' title='bbox 1636 2252 1814 2310; x_wconf 89' lang='lat' dir='ltr'><strong>officii</strong></span> <span class='ocrx_word' id='word_1_154' title='bbox 1844 2252 1957 2310; x_wconf 85' lang='lat' dir='ltr'><strong>sor·</strong></span> 
     </span>
     <span class='ocr_line' id='line_1_23' title="bbox 378 2345 1957 2425; baseline 0 -18"><span class='ocrx_word' id='word_1_155' title='bbox 378 2368 527 2407; x_wconf 87' lang='lat' dir='ltr'><strong>mam</strong></span> <span class='ocrx_word' id='word_1_156' title='bbox 569 2346 945 2425; x_wconf 85' lang='lat' dir='ltr'><strong>revertamur)</strong></span> <span class='ocrx_word' id='word_1_157' title='bbox 979 2345 1263 2422; x_wconf 82' lang='lat' dir='ltr'><strong>appetitus</strong></span> <span class='ocrx_word' id='word_1_158' title='bbox 1302 2365 1503 2405; x_wconf 87' lang='lat' dir='ltr'><strong>omnes</strong></span> <span class='ocrx_word' id='word_1_159' title='bbox 1531 2348 1957 2408; x_wconf 80' lang='lat' dir='ltr'><strong>contrahendos</strong></span> 
     </span>
     <span class='ocr_line' id='line_1_24' title="bbox 376 2435 1957 2519; baseline 0 -17"><span class='ocrx_word' id='word_1_160' title='bbox 376 2443 793 2519; x_wconf 87' lang='lat' dir='ltr'><strong>sedandosque,</strong></span> <span class='ocrx_word' id='word_1_161' title='bbox 850 2435 1332 2517; x_wconf 85' lang='lat' dir='ltr'><strong>excitandamque</strong></span> <span class='ocrx_word' id='word_1_162' title='bbox 1401 2443 1957 2502; x_wconf 71' lang='lat' dir='ltr'><strong>animadversioaem</strong></span> 
     </span>
     <span class='ocr_line' id='line_1_25' title="bbox 376 2521 1954 2616; baseline -0.001 -17"><span class='ocrx_word' id='word_1_163' title='bbox 376 2552 433 2599; x_wconf 92' lang='lat' dir='ltr'><strong>et</strong></span> <span class='ocrx_word' id='word_1_164' title='bbox 473 2539 849 2616; x_wconf 87' lang='lat' dir='ltr'><strong>diligentiam,</strong></span> <span class='ocrx_word' id='word_1_165' title='bbox 893 2548 956 2598; x_wconf 89' lang='lat' dir='ltr'><strong>ut</strong></span> <span class='ocrx_word' id='word_1_166' title='bbox 996 2557 1070 2596; x_wconf 90' lang='lat' dir='ltr'><strong>ne</strong></span> <span class='ocrx_word' id='word_1_167' title='bbox 1111 2521 1249 2615; x_wconf 75' lang='lat' dir='ltr'><strong>quid</strong></span> <span class='ocrx_word' id='word_1_168' title='bbox 1300 2550 1516 2597; x_wconf 85' lang='lat' dir='ltr'><strong>temere</strong></span> <span class='ocrx_word' id='word_1_169' title='bbox 1574 2559 1643 2597; x_wconf 93' lang='lat' dir='ltr'><strong>ac</strong></span> <span class='ocrx_word' id='word_1_170' title='bbox 1693 2538 1954 2614; x_wconf 82' lang='lat' dir='ltr'><strong>fortuitu,</strong></span> 
     </span>
    </p>

    <p class='ocr_par' dir='ltr' id='par_1_9' title="bbox 281 2635 1956 2713">
     <span class='ocr_line' id='line_1_26' title="bbox 281 2635 1956 2713; baseline -0.001 -16"><span class='ocrx_word' id='word_1_171' title='bbox 281 2650 345 2697; x_wconf 74' lang='lat'><strong>25</strong></span> <span class='ocrx_word' id='word_1_172' title='bbox 378 2637 839 2708; x_wconf 73' lang='lat' dir='ltr'><strong>inconsiderate„</strong></span> <span class='ocrx_word' id='word_1_173' title='bbox 876 2635 1354 2713; x_wconf 87' lang='lat' dir='ltr'><strong>negligenterque</strong></span> <span class='ocrx_word' id='word_1_174' title='bbox 1410 2643 1659 2713; x_wconf 64' lang='lat' dir='ltr'><strong>agamus</strong></span> <span class='ocrx_word' id='word_1_175' title='bbox 1743 2636 1956 2713; x_wconf 87' lang='lat' dir='ltr'><strong>Neque</strong></span> 
     </span>
    </p>
   </div>
   <div class='ocr_carea' id='block_1_5' title="bbox 375 2729 1954 2904">
    <p class='ocr_par' dir='ltr' id='par_1_10' title="bbox 375 2729 1954 2904">
     <span class='ocr_line' id='line_1_27' title="bbox 375 2729 1954 2809; baseline -0.001 -16"><span class='ocrx_word' id='word_1_176' title='bbox 375 2736 529 2794; x_wconf 87' lang='lat' dir='ltr'><strong>enim</strong></span> <span class='ocrx_word' id='word_1_177' title='bbox 570 2729 948 2809; x_wconf 87' lang='lat' dir='ltr'><strong>ita-generati</strong></span> <span class='ocrx_word' id='word_1_178' title='bbox 992 2751 1027 2790; x_wconf 87' lang='lat' dir='ltr'><strong>a</strong></span> <span class='ocrx_word' id='word_1_179' title='bbox 1065 2733 1273 2790; x_wconf 72' lang='lat' dir='ltr'><strong>natura</strong></span> <span class='ocrx_word' id='word_1_180' title='bbox 1312 2752 1529 2804; x_wconf 74' lang='lat' dir='ltr'><strong>sumna,</strong></span> <span class='ocrx_word' id='word_1_181' title='bbox 1558 2743 1620 2790; x_wconf 91' lang='lat' dir='ltr'><strong>ut</strong></span> <span class='ocrx_word' id='word_1_182' title='bbox 1650 2733 1719 2790; x_wconf 91' lang='lat' dir='ltr'><strong>ad</strong></span> <span class='ocrx_word' id='word_1_183' title='bbox 1750 2733 1954 2792; x_wconf 85' lang='lat' dir='ltr'><strong>ludum</strong></span> 
     </span>
     <span class='ocr_line' id='line_1_28' title="bbox 375 2825 1954 2904; baseline 0.001 -20"><span class='ocrx_word' id='word_1_184' title='bbox 375 2841 433 2885; x_wconf 91' lang='lat' dir='ltr'><strong>et</strong></span> <span class='ocrx_word' id='word_1_185' title='bbox 466 2828 661 2904; x_wconf 88' lang='lat' dir='ltr'><strong>jocum</strong></span> <span class='ocrx_word' id='word_1_186' title='bbox 694 2825 831 2883; x_wconf 86' lang='lat' dir='ltr'><strong>facti</strong></span> <span class='ocrx_word' id='word_1_187' title='bbox 859 2845 987 2884; x_wconf 88' lang='lat' dir='ltr'><strong>esse</strong></span> <span class='ocrx_word' id='word_1_188' title='bbox 1014 2826 1331 2897; x_wconf 85' lang='lat' dir='ltr'><strong>videamur,</strong></span> <span class='ocrx_word' id='word_1_189' title='bbox 1359 2825 1463 2882; x_wconf 87' lang='lat' dir='ltr'><strong>sed</strong></span> <span class='ocrx_word' id='word_1_190' title='bbox 1492 2825 1561 2883; x_wconf 91' lang='lat' dir='ltr'><strong>ad</strong></span> <span class='ocrx_word' id='word_1_191' title='bbox 1589 2827 1954 2885; x_wconf 83' lang='lat' dir='ltr'><strong>severitatem</strong></span> 
     </span>
    </p>
   </div>
   <div class='ocr_carea' id='block_1_6' title="bbox 374 2920 1953 3001">
    <p class='ocr_par' dir='ltr' id='par_1_11' title="bbox 374 2920 1953 3001">
     <span class='ocr_line' id='line_1_29' title="bbox 374 2920 1953 3001; baseline 0 -20"><span class='ocrx_word' id='word_1_192' title='bbox 374 2925 584 3001; x_wconf 62' lang='lat' dir='ltr'><strong>postue,</strong></span> <span class='ocrx_word' id='word_1_193' title='bbox 613 2933 671 2981; x_wconf 92' lang='lat' dir='ltr'><strong>et</strong></span> <span class='ocrx_word' id='word_1_194' title='bbox 700 2923 771 2981; x_wconf 89' lang='lat' dir='ltr'><strong>ad</strong></span> <span class='ocrx_word' id='word_1_195' title='bbox 798 2923 1057 2999; x_wconf 80' lang='lat' dir='ltr'><strong>quaedam</strong></span> <span class='ocrx_word' id='word_1_196' title='bbox 1095 2920 1286 2980; x_wconf 86' lang='lat' dir='ltr'><strong>studia</strong></span> <span class='ocrx_word' id='word_1_197' title='bbox 1325 2921 1586 2999; x_wconf 85' lang='lat' dir='ltr'><strong>graviora</strong></span> <span class='ocrx_word' id='word_1_198' title='bbox 1626 2935 1794 2999; x_wconf 90' lang='lat' dir='ltr'><strong>atque</strong></span> <span class='ocrx_word' id='word_1_199' title='bbox 1835 2942 1953 2982; x_wconf 88' lang='lat' dir='ltr'><strong>ma-</strong></span> 
     </span>
    </p>
   </div>
  </div>
 </body>
</html>
