2192 3517
205 206 388 267 ¹··111·]
776 208 864 255 nr,
904 208 1197 256 omens.
1327 231 1354 244 «ι
1477 199 1492 224 ’
1756 196 1867 256 183

201 368 260 415 et
311 356 529 435 Pelope
579 357 890 434 proditum,
937 359 1068 436 jure
1131 358 1511 418 obtinebatur.
1621 356 1774 415 Nam

201 465 416 529 quanto
459 455 650 531 plures
689 455 744 513 ei
784 456 907 532 regi
949 465 1139 532 putas,
1168 456 1264 530 qui
1293 454 1547 512 exercitu
1578 453 1775 531 populi

202 549 458 607 Romani
497 551 771 626 populum
800 551 984 625 ipsum
1014 550 1347 607 Romanum
1382 547 1772 626 oppressisset,

201 646 606 721 civitatemque
625 666 762 704 -non
805 646 978 704 modo
1018 646 1278 718 liberam,
1307 646 1408 704 sed
1436 645 1609 704 etiam
1639 665 1776 723 gen·

200 743 356 799 tibus
384 743 779 819 imperantem,
808 742 1021 799 servire
1047 742 1159 799 sibi
1188 743 1518 820 coegisset?
1597 742 1775 802 Hunc
1830 747 1864 796 5

200 850 261 896 tu
304 857 446 914 quas
486 839 855 897 conscientiae
894 838 1054 897 labes
1096 839 1155 896 in
1200 839 1391 898 animo
1434 857 1639 896 censes
1679 838 1777 898 ha-

202 936 437 992 buisse?
491 954 616 1010 quae
658 935 933 994 vulnera?
1040 935 1224 1012 Cujus
1267 946 1453 993 autem
1499 935 1612 993 vita
1667 936 1773 1013 ipsi

198 1043 389 1108 potest
430 1033 586 1090 utilis
626 1049 772 1104 esse,
801 1052 933 1090 cum
975 1033 1102 1110 ejus
1132 1033 1259 1091 vitaz
1287 1051 1359 1090 ea
1384 1033 1641 1091 conditio
1679 1032 1774 1104 sit,

198 1142 284 1199 ut,
340 1130 435 1203 qui
492 1129 646 1187 illam
714 1129 1006 1205 eripuerit,
1064 1129 1122 1187 in
1179 1129 1426 1187 maximi
1477 1139 1537 1188 et
1589 1129 1773 1207 gratia

201 1224 428 1282 futurus
467 1224 540 1282 sit
578 1219 639 1281 et
676 1224 902 1301 gloria?
979 1224 1161 1287 Quod
1199 1225 1248 1282 si
1289 1213 1416 1284 h'aec
1456 1225 1620 1283 utilia
1659 1243 1773 1283 nou
1806 1234 1866 1283 10

196 1332 353 1391 sunt,
409 1340 534 1396 quae
593 1321 838 1379 maxime
893 1321 1176 1392 videntur,
1230 1322 1367 1396 quia
1417 1320 1589 1398 plena
1641 1333 1775 1380 sunt

197 1417 505 1474 dedecoris
547 1437 615 1475 ac
655 1417 1059 1494 turpitudinis3
1102 1419 1240 1475 satis
1278 1437 1610 1494 persuasum
1646 1438 1776 1477 esse

195 1513 393 1583 debet,
442 1513 585 1571 nihil
632 1531 757 1572 esse
806 1513 964 1585 utile,
1007 1514 1159 1590 quod
1208 1532 1324 1571 non
1376 1514 1529 1572 idem
1572 1511 1777 1573 hones·

197 1620 323 1666 tum
349 1608 440 1667 sit.
864 1612 874 1619 ’

282 1801 484 1860 XXII.
527 1802 879 1880 Quanquam
909 1804 967 1861 id
995 1804 1249 1878 quidem,
1272 1823 1405 1861 cum
1429 1823 1584 1880 saepe
1615 1804 1774 1876 alias,
1807 1810 1868 1859 15

197 1910 321 1958 tum
364 1898 568 1975 Pyrrhi
605 1901 756 1958 bello
784 1920 819 1958 a
844 1901 912 1958 C.
944 1900 1237 1971 Fabricio,
1267 1901 1506 1958 consule
1548 1901 1774 1972 iterum,

196 2010 259 2054 et
302 2015 334 2053 a
375 2006 577 2054 senatu
617 2007 835 2063 nostro,
872 1997 1191 2073 judicatum
1235 2008 1338 2055 est.
1421 1997 1571 2055 Cum
1619 1997 1775 2056 enim

198 2112 302 2151 rex
342 2094 592 2169 Pyrrhus
632 2094 845 2169 populo
886 2093 1159 2151 Romano
1187 2094 1399 2151 bellum
1442 2094 1593 2151 ultro
1629 2094 1779 2152 intu-

199 2189 380 2260 lisset,
423 2208 669 2264 cumque
710 2189 782 2247 de
823 2189 1064 2266 imperio
1118 2201 1409 2250 certamen
1452 2200 1603 2249 esset
1642 2209 1774 2248 cum
1857 2243 1861 2247 Α

200 2305 338 2363 rege
378 2304 661 2363 generoso
704 2306 772 2344 ac
812 2296 1075 2363 potente3
1120 2286 1359 2362 perfuga
1400 2288 1473 2344 ab
1512 2306 1582 2345 eo
1623 2288 1777 2345 venit
1804 2291 1869 2340 2·

202 2383 261 2441 in
303 2395 494 2441 castra
534 2383 806 2454 Fabricii,
849 2383 1018 2458 eique
1059 2394 1148 2440 est
1198 2384 1508 2459 pollicitae,
1551 2385 1598 2441 si
1637 2403 1779 2460 pra>-

201 2478 380 2535 mium
423 2477 537 2536 sibi
575 2478 984 2554 proposuisset,
1012 2498 1096 2550 se,
1127 2489 1189 2536 ut
1217 2478 1365 2536 clam
1395 2480 1662 2552 venisset,
1692 2480 1778 2537 sic

192 2574 349 2632 clam
382 2573 440 2631 in
469 2572 672 2650 Pyrrhi
714 2584 903 2632 castra
941 2575 1282 2646 rediturum,
1309 2585 1368 2632 et
1394 2595 1525 2633 eum
1556 2594 1778 2633 veneno

201 2659 559 2728 necaturum.
643 2671 824 2730 Hunc
864 2671 1168 2729 Fabricius
1195 2671 1586 2730 reducendum
1615 2691 1781 2729 cura-

199 2767 281 2824 vit
330 2767 401 2825 ad
450 2767 764 2843 Pyrrhum:
835 2768 1007 2842 idque
1060 2768 1276 2825 factum
1324 2768 1447 2845 ejus
1497 2787 1530 2825 a
1575 2778 1777 2824 senatu
1806 2772 1870 2820 25

200 2862 496 2921 laudatum
524 2873 631 2921 est.
716 2864 916 2938 Atqui,
945 2864 993 2922 si
1021 2863 1274 2939 speeiem
1306 2863 1569 2923 utilitatis
1596 2863 1782 2938 opini-

199 2977 489 3035 onemque
537 2959 863 3034 quaerimus,
900 2975 1174 3037 ,magnum
1218 2959 1359 3017 illud
1399 2959 1609 3017 bellum
1655 2978 1780 3036 per·
1833 2983 1838 2986 ²
