2192 3517
318 223 388 282 16
956 231 1045 278 nn
1087 223 1379 278 ossacus:
1836 223 1917 283 [L.
1943 223 1984 272 1.

394 357 712 456 spropositae
748 389 885 438 sunt
926 380 997 439 ad
1030 363 1250 439 eas‘res
1276 379 1559 456 parandas
1600 378 1982 453 tuendasque,

403 476 614 558 quibus
642 477 957 535 actio.vitae
983 478 1352 554 continetur:
1404 486 1465 534 ut
1499 486 1567 534 ,et
1605 474 1852 551 societas
1882 474 1986 537 ho-.

402 567 642 631 minum
669 565 1121 651 conjunctioque
1162 583 1438 644 servetur,
1480 582 1537 629 et
1580 571 1754 646 animi
1795 570 1985 636 excel-

401 670 1101 748 lentia'magnitudoque,
1143 689 1277 727 cum
1322 669 1383 726 in
1428 668 1707 746 augendis
1754 668 1983 743 opibus,

338 785 373 834 5
402 768 867 844 utilitatibusque
908 777 966 824 et
1005 767 1119 825 sibi
1159 777 1218 828 et
1257 765 1378 824 suis
1405 765 1828 842 comparandiS,
1858 774 1983 823 tum

402 865 587 926 multo
633 865 818 944 magis
862 864 927 932 in,
969 863 1060 922 his
1104 863 1245 938 ipsis
1274 862 1699 938 despiciendis,
1734 862 1980 919 eluceat.

400 961 566 1022 Ordo
611 972 824 1033 autem,
863 971 921 1018 et
964 960 1311 1032 constantia,
1339 970 1399 1017 et
1441 959 1779 1031 moderati0,
1810 969 1870 1016 et·
1912 977 1985 1016 ea

399 1077 527 1135 quae
555 1054 691 1118 sunt
728 1057 823 1115 his
858 1057 1091 1129 similia,
1120 1066 1418 1126 versantur
1456 1056 1516 1114 in
1543 1075 1616 1113 eo
1644 1074 1876 1134 genere,
1909 1057 1982 1113 ad

399 1154 556 1232 quod
605 1155 933 1213 adhibenda
968 1165 1059 1212 est
1102 1155 1255 1213 actio
1296 1153 1579 1231 quaedam,
1619 1172 1737 1211 non
1794 1145 1980 1210 solufm
2015 1163 2020 1168 “

311 1267 371 1318 10
400 1252 610 1312 mentis
653 1251 906 1332 agitatio.
990 1251 1102 1309 His
1150 1252 1305 1310 enim
1346 1251 1539 1322 rebus,
1570 1270 1710 1332 quaes
1731 1260 1983 1309 tractan-

399 1359 492 1409 tur
521 1349 585 1408 in>
609 1349 748 1421 vita,
770 1349 1007 1406 modum
1027 1348 1320 1425 quendam
1341 1359 1400 1406 et
1420 1337 1684 1405 ordinem
1708 1347 1983 1405 adhiben-

398 1453 506 1519 tes,
537 1446 898 1504 honestatem
926 1457 985 1504 et
1012 1446 1194 1504 decus
1222 1445 1710 1504 conservabimus,

479 1639 533 1698 V
537 1638 583 1699 Ι.
622 1639 733 1710 ,Ex
775 1649 1020 1717 quatuor
1063 1650 1256 1698 autem
1286 1639 1454 1713 lociS,
1484 1640 1545 1697 in
1578 1660 1723 1716 quos
1751 1641 1977 1699 honesti

401 1747 666 1802 naturam
688 1737 915 1813 vimque
936 1721 1497 1814 divisimus,'primus
1518 1737 1635 1810 ille,
1657 1738 1834 1814 qui-in
1859 1739 1978 1795 veri

302 1843 372 1900 15
402 1831 742 1912 cognitione
764 1837 769 1844 “
795 1834 1081 1907 consistit,
1132 1833 1378 1892 maxime
1432 1844 1695 1892 naturam
1752 1835 1980 1911 attingit

402 1927 733 1990 humanam.
772 1955 779 1966 ,
815 1930 1038 1987 Omnes
1086 1931 1242 1986 enim
1291 1930 1574 1987 trahimur
1605 1940 1670 1987 et
1713 1930 1978 1987 ducimur

405 2027 476 2083 ad
520 2024 874 2101 cognitionis
912 2034 971 2081 et
1012 2024 1271 2081 soientiae
1320 2025 1732 2099 cupiditatem3
1777 2025 1835 2082 in
1863 2027 1978 2101 qua

403 2121 687 2180 excellere
715 2119 1022 2196 pulchrum
1047 2128 1352 2202 putamus:
1395 2119 1511 2178 labi
1536 2130 1745 2192 autem,
1767 2140 1976 2193 errare,

402 2218 650 2289 nescire,
670 2216 892 2292 decipi,
923 2227 981 2274 et
1007 2216 1223 2273 malum
1251 2209 1310 2273 et
1333 2227 1504 2292 turpe
1538 2216 1825 2274 ducimus,
1908 2216 1979 2276 In

309 2323 374 2374 20
404 2314 518 2371 hoc
546 2331 779 2390 genere,
809 2324 869 2370 et
907 2312 1157 2388 naturali
1198 2322 1257 2373 et
1297 2312 1558 2385 honesto,
1588 2313 1704 2370 duo
1732 2297 1872 2373 vitia
1901 2315 1980 2372 vi-

403 2409 581 2469 tanda
626 2420 760 2467 sunt
782 2430 796 2480 ;
859 2427 1079 2480 unum,
1106 2428 1180 2466 ne
1230 2409 1531 2487 incognita
1570 2428 1675 2485 pro
1730 2412 1979 2488 cognitis

404 2507 739 2578 habeamus,
795 2505 998 2586 hisque
1062 2515 1283 2588 temere
1346 2506 1756 2564 assentiamur:
1826 2505 1979 2582 quod

301 2639 309 2646 ·
404 2604 603 2662 vitium
647 2603 901 2680 effugere
945 2602 1043 2677 qui
1090 2602 1261 2675 volet,
1311 2601 1541 2675 (omnes
1600 2614 1790 2661 autem
1819 2601 1978 2662 'velle

406 2700 646 2779 debent)
679 2699 993 2772 adhibebit,
1026 2699 1097 2759 ad
1140 2701 1587 2760 considerandas
1614 2720 1726 2773 res,
1757 2712 1814 2760 et
1841 2712 1980 2759 tem-

311 2822 376 2872 25
401 2816 513 2873 pus
555 2808 615 2855 et
655 2795 1032 2873 diligentiam.
1117 2797 1384 2854 Alterum
1428 2808 1516 2855 est
1557 2798 1777 2871 vitium,
1826 2785 1978 2875 quod

408 2893 638 2967 quidam
669 2893 842 2951 nimis
869 2911 1144 2970 magnum
1173 2894 1426 2951 studium
1454 2894 1809 2971 multamque
1848 2914 1979 2972 ope-

405 3002 529 3044 ram
571 2985 631 3044 in
678 3005 772 3044 res
814 2986 1092 3044 obscuras
1134 2997 1304 3062 atque
1350 2986 1614 3045 difficiles
1655 2988 1973 3059 conferunt,
