2192 3517
283 186 396 245 160
943 194 1030 242 nn
1073 194 1364 243 ommis.
1753 168 1940 254 [LTm.

444 342 521 402 X.
563 342 839 401 Incidunt
877 362 1029 420 saepe
1068 343 1263 402 multae
1304 362 1513 414 causae,
1542 360 1671 418 quae
1711 323 1941 401 contur-

367 441 505 497 bent
559 441 781 498 animos
835 439 1099 498 utilitatis
1151 439 1377 516 specie3
1447 457 1586 511 non,
1636 458 1771 496 cum
1825 439 1940 497 hoc

367 537 735 609 deliberetur,
780 537 1231 612 relinquendane
1273 535 1348 593 sit
1393 536 1662 593 honestas
1707 545 1939 612 propter

369 633 631 691 utilitatis
670 632 1129 710 magnitudinem
1166 630 1327 709 (nam
1365 632 1423 689 id
1460 632 1692 706 quidem
1730 633 1939 708 impro-

310 739 343 788 5
368 730 505 786 bum
560 731 708 809 est);
778 729 881 786 sed
933 729 1095 800 illud,
1148 727 1403 807 possitne
1456 725 1536 800 id',
1589 728 1743 804 quod
1799 728 1939 786 utile

369 823 647 898 videatur,
701 825 825 884 fieri
890 843 1008 883 non
1036 824 1316 900 turpiter.
1426 823 1578 881 Cum
1644 824 1939 881 Collatino

370 921 606 999 collegas
673 922 883 980 Brutus
950 920 1251 997 imperium
1319 921 1651 997 abrogabat,
1714 929 1939 996 poterat

369 1019 550 1076 videri
592 1017 781 1075 facere
809 1016 868 1073 id
895 1016 1137 1092 injuste:
1184 1015 1369 1074 fuerat
1408 1017 1583 1088 enim,
1613 1017 1672 1073 in
1705 1018 1939 1094 regibus

369 1114 739 1190 expellendis,
808 1113 1001 1169 socius
1068 1111 1255 1184 Bruti,
1324 1113 1697 1184 consiliorum
1763 1113 1937 1171 etiam

284 1222 345 1271 10
372 1211 610 1286 adjutor.
718 1208 870 1266 Cum
919 1218 1110 1266 autem
1150 1209 1458 1268 consilium
1496 1210 1611 1267 hoc
1649 1210 1939 1286 principes

370 1307 672 1382 cepissent,
702 1304 1109 1382 cognationem
1144 1306 1409 1381 Superbi,
1437 1324 1762 1380 nomenque
1793 1306 1940 1364 Tar-

369 1401 715 1477 quiniorum,
742 1410 801 1458 et
843 1401 1172 1459 memoriam
1212 1401 1395 1478 regni,
1424 1420 1550 1459 esse
1590 1402 1903 1459 tollendam
1919 1423 1935 1473 ;

371 1497 523 1572 quod
574 1506 697 1555 erat
750 1497 909 1569 utile,
950 1497 1149 1572 patriae
1203 1497 1523 1569 consulere,
1571 1496 1630 1554 id
1684 1507 1806 1555 erat
1858 1498 1942 1556 ita

371 1594 696 1665 honestum,
726 1603 791 1650 ut
815 1593 991 1652 etiam
1032 1593 1143 1670 ipsi
1183 1593 1473 1652 Collatino
1511 1593 1742 1669 placere
1769 1593 1940 1651 debe—

283 1694 344 1744 15
370 1699 473 1747 ret.
538 1688 760 1766 .1taque
800 1688 1017 1747 utilitas
1056 1688 1234 1746 valuit
1270 1698 1501 1764 propter
1544 1688 1937 1761 honestatem;

371 1785 496 1842 sine
537 1785 650 1860 qua
690 1803 764 1842 ne
804 1784 1020 1843 utilitas
1060 1783 1290 1860 quidem
1325 1802 1452 1841 esse
1477 1784 1774 1859 potuisset.
1856 1785 1940 1843 At

371 1881 431 1939 in
472 1900 545 1941 eo
581 1900 737 1958 rege,
765 1882 865 1957 qui
905 1881 1105 1939 urbem
1146 1878 1426 1951 condidit,
1463 1898 1579 1938 non
1619 1879 1715 1938 ita.
1799 1881 1941 1958 Spe-

371 1979 492 2037 cies
543 1978 700 2035 enim
753 1978 1013 2036 utilitatis
1065 1976 1320 2034 animum
1364 1976 1583 2053 pepulit
1629 1977 1785 2053 ejus3
1842 1978 1940 2036 cui

371 2091 505 2132 cum
533 2074 715 2131 visum
748 2082 899 2129 esset
937 2072 1157 2145 utilius,
1184 2072 1369 2129 solum
1398 2090 1569 2148 quam
1597 2092 1731 2130 cum
1759 2074 1941 2132 altero

278 2177 342 2227 20
370 2188 629 2248 regnare,
659 2168 890 2226 fratrem
922 2167 1226 2226 interemit.
1309 2167 1522 2227 Omisit
1554 2168 1651 2227 hic
1678 2179 1737 2227 et
1761 2171 1942 2246 pieta·

369 2274 487 2322 tem
512 2274 573 2322 et
600 2263 1030 2336 humanitatem,
1059 2275 1123 2321 ut
1163 2264 1242 2336 id,
1271 2265 1425 2339 quod
1453 2265 1592 2322 utile
1621 2265 1936 2338 videbatur,

369 2380 555 2436 neque
594 2370 733 2432 erat,
766 2360 989 2438 assequi
1027 2371 1249 2436 posset:
1292 2371 1351 2420 et
1390 2371 1581 2426 tamen
1621 2363 1769 2419 muri
1806 2381 1941 2420 cau-

369 2476 490 2515 sam
531 2458 816 2533 opposuit,
858 2458 1111 2533 speciem
1152 2458 1466 2516 honestatis
1512 2476 1697 2533 neque
1731 2459 1939 2533 proba-

369 2554 542 2611 bilem
596 2572 782 2629 neque
810 2553 971 2612 .satis
1023 2553 1308 2612 idoneam.
1417 2554 1688 2613 Peccavit
1740 2554 1936 2631 igitur,

276 2659 341 2711 25
367 2669 513 2727 pace
540 2650 626 2709 vel
653 2649 909 2722 Quirini,
940 2650 1026 2707 vel
1056 2650 1315 2722 Romuli,
1345 2650 1604 2720 dixerim.

444 2745 576 2804 Nec
616 2755 808 2804 tamen
849 2756 1061 2804 nostrae
1100 2747 1270 2804 nobis
1304 2746 1577 2804 utilitates
1605 2747 1937 2806 omittendae

367 2852 520 2915 sunt,
564 2842 803 2918 aliisque
841 2842 1153 2914 tradendae,
1196 2858 1326 2899 cum
1370 2841 1460 2900 his
1507 2842 1615 2919 ipsi
1663 2862 1935 2922 egemus:

367 2939 471 2998 sed
511 2957 629 2998 suae
672 2940 881 3016 cuique
923 2938 1176 3011 utilitati,
1214 2937 1368 3012 quod
1413 2939 1542 2998 sine
1583 2939 1816 3000 alterius
1851 2938 1937 2999 in-
