2192 3517
220 221 273 267 t..
296 167 435 281 [ιη’
819 223 907 270 m:
951 222 1245 271 omens.
1778 209 1883 266 ιε]

218 370 399 428 multo
453 369 637 448 magis
690 369 870 449 exigit
911 371 1035 448 ipsa
1073 383 1295 430 naturas
1336 370 1502 444 ratio,
1543 379 1670 448 quae
1711 379 1801 427 est

218 466 311 525 lex
375 466 571 525 divina
623 478 682 525 et
731 467 1022 539 humana;
1093 468 1192 526 cui
1255 487 1458 544 parere
1512 468 1609 543 qui
1663 467 1801 525 velit

216 563 454 641 (omnes
485 574 674 622 autem
702 567 1002 642 parebunt,
1033 565 1131 641 qui
1172 555 1493 623 secundum
1532 575 1800 623 naturam

220 661 415 719 volent
453 661 696 742 vivere),
726 681 1021 738 nunquam
1062 662 1405 734 committet,
1439 671 1508 720 ut
1548 661 1800 719 alienum

220 768 471 835 appetat,
514 769 573 817 et
622 758 706 831 id,
750 759 903 835 quod
962 759 1126 817 alteri
1179 758 1506 826 detraxerit,
1552 757 1662 816 sibi
1719 777 1802 816 as-
1828 767 1863 815 5

217 865 428 913 sumat.

210 969 221 976 ”
298 950 534 1009 Etenim
589 953 770 1011 multo
811 954 995 1031 magis
1033 963 1121 1011 est
1161 952 1481 1012 secundum
1535 962 1801 1011 naturam

218 1049 525 1108 excelsitas
569 1050 744 1108 animi
772 1062 830 1108 et
857 1051 1215 1128 magnitude,
1246 1051 1495 1128 itemque
1537 1049 1801 1121 comitas,

213 1145 455 1223 justitia,
498 1147 829 1220 liberalitas,
877 1166 1051 1224 quam
1104 1148 1385 1224 voluptas,
1439 1165 1609 1223 quam
1665 1146 1800 1218 vita,

219 1261 391 1317 quam
432 1242 682 1301 divitiae:
730 1262 856 1321 quae
894 1244 1129 1321 quidem
1170 1254 1557 1316 contemnere,
1599 1253 1659 1302 et
1695 1261 1803 1319 pro
1831 1248 1896 1299 10

218 1339 403 1397 nihilo
441 1340 676 1413 ducere,
711 1352 1142 1418 comparantem
1183 1361 1317 1399 cum
1358 1342 1605 1400 utilitate
1646 1360 1804 1399 com-

219 1435 401 1507 muni,
457 1437 653 1514 magni
708 1438 883 1496 animi
936 1448 995 1496 et
1048 1438 1265 1496 excelsi
1316 1448 1437 1509 est3
1497 1439 1801 1496 detrahere

221 1542 413 1590 autem
484 1534 646 1591 alteri
713 1534 802 1592 sui
871 1533 1163 1594 commodi
1221 1534 1420 1607 eausa,
1474 1534 1660 1611 magis
1713 1544 1802 1592 est

219 1640 426 1687 contra
463 1639 745 1703 naturam,
783 1647 955 1706 quam
997 1649 1371 1706 mors‚⁴quam
1418 1630 1600 1703 dolor,
1630 1649 1801 1706 quam
1901 1689 1916 1706 ‚

217 1736 433 1784 caetera
459 1726 686 1804 generis
713 1727 986 1804 ejusdem.
1832 1734 1894 1783 15

296 1820 576 1898 Itemque,
619 1824 804 1902 magis
851 1835 938 1881 est
991 1823 1314 1882 secundum
1367 1834 1655 1894 naturam,
1695 1840 1802 1898 pro

217 1919 489 1977 omnibus
542 1920 810 1998 gentibus
852 1919 929 2000 (si
969 1920 1094 1978 fieri
1141 1921 1348 2001 possit)
1392 1919 1803 1978 conservandis

220 2026 319 2074 aut
354 2015 640 2092 juvandis,
669 2017 949 2075 maximos
988 2018 1217 2075 labores
1250 2016 1654 2091 molestiasque
1683 2035 1806 2073 sus-

218 2111 434 2188 cipere,
478 2111 797 2170 imitantem
841 2112 1157 2171 Herculem
1199 2113 1381 2184 illum‚
1410 2131 1580 2188 quem
1623 2112 1806 2170 homi-

217 2227 358 2266 num
427 2209 599 2281 sama,
655 2208 1072 2267 beneficiorum
1137 2227 1376 2280 memor,
1432 2209 1493 2267 in
1549 2209 1801 2266 concilio
1830 2215 1895 2266 20

218 2305 539 2362 coelestium
582 2305 919 2376 collocavit3
962 2325 1135 2381 quam
1163 2307 1352 2363 vivere
1381 2306 1441 2363 in
1471 2305 1799 2376 solitudine,

218 2420 334 2460 non
391 2402 567 2459 modo
632 2402 758 2459 sine
811 2402 944 2460 ullis
992 2402 1300 2478 molestiis,
1356 2403 1456 2460 sed
1512 2403 1686 2460 etiam
1741 2402 1800 2459 in

220 2498 485 2556 maximis
524 2499 930 2574 voluptatibus,
967 2499 1384 2580 abundantem
1396 2500 1664 2558 omnibus
1706 2517 1802 2556 co-

218 2595 362 2672 piis3
405 2606 468 2653 ut
496 2596 749 2654 excellas
784 2596 959 2654 etiam
997 2575 1449 2672 pulchritudine,
1480 2606 1539 2653 et
1566 2581 1799 2653 viribus·

217 2690 539 2762 Quocirca,
609 2690 828 2767 optimo
896 2691 1137 2767 quisque
1207 2701 1263 2749 et
1336 2689 1801 2766 splendidissimo
1829 2705 1894 2754 25

219 2786 459 2864 ingenio
498 2788 672 2864 longe
714 2787 868 2845 illam
910 2787 1084 2845 vitam
1128 2788 1264 2846 huic
1308 2788 1618 2863 anteponit.
1710 2785 1802 2842 Ex

218 2902 333 2960 quo
399 2883 665 2953 efficitur,
735 2883 1046 2956 hominem,
1119 2895 1338 2942 naturae
1412 2881 1799 2954 obedientem,

219 2979 441 3040 homini
468 2997 683 3037 nocere
710 2998 828 3037 non
857 2999 1043 3057 posse.
