2192 3517
328 175 443 238 ιω
996 188 1083 236 m
1109 188 1422 236 omens.
1813 185 1894 246 [L.
1913 186 2001 236 111.

364 379 385 390 ,.
480 334 785 396 XXVIII.
841 336 1184 395 Pervertunt
1236 336 1502 395 homines
1546 356 1637 408 ea,
1682 356 1808 412 quae
1863 346 1999 395 sunt

415 431 788 492 fundamenta
827 443 1066 504 naturae,
1087 452 1230 492 ‚eum
1262 433 1569 492 utilitatem
1599 434 1672 491 ab
1697 417 2002 492 honestate

414 530 741 608 sejungunt.
843 530 1065 589 Omnes
1106 530 1261 588 enim
1302 530 1624 605 expetimus
1668 529 1996 602 utilitatem,

415 627 485 684 ad
514 633 758 702 eamque
780 627 1068 703 rapimur3
1111 645 1225 686 neo
1253 626 1447 684 faeere
1476 626 1640 684 aliter
1668 627 1789 684 ullo
1819 626 1997 684 modo

350 732 382 779 5
412 741 747 800 possumus:
786 742 920 782 nam
959 723 1090 799 quis
1129 733 1236 795 est,
1276 723 1376 799 qui
1417 724 1584 781 utilia
1623 722 1847 801 fugiat!
1898 734 1997 782 aut

413 820 542 896 quis
579 820 789 897 potiuS,
817 821 915 897 qui
954 840 1026 879 ea
1063 839 1183 878 non
1225 820 1644 879 studiosissime
1688 839 1996 897 persequa-

410 919 545 975 tur?
653 918 791 989 Sed,
847 918 983 992 quia
1033 935 1316 1001 nusquam
1380 923 1707 993 possumne,
1761 916 1876 974 nisi
1933 917 1994 974 in

410 1013 602 1086 laude,
642 1014 875 1085 decore,
933 1014 1253 1085 honestate,
1296 1013 1465 1071 utilia
1516 1012 1787 1102 reperire,
1811 1032 1996 1089 ¹prop-

409 1120 570 1171 terea
620 1110 721 1168 illa
764 1110 947 1187 prima
984 1119 1043 1167 et
1080 1129 1310 1168 summa
1362 1110 1671 1179 habemu83
1726 1108 1998 1167 utilitatis

319 1213 381 1263 10
407 1223 620 1264 nomen
659 1225 777 1263 non
819 1207 934 1263 tam
978 1205 1344 1282 splendidum
1385 1224 1557 1322 quam
1600 1205 1993 1266 necessarium

407 1302 692 1378 ducimus,
1099 1321 1104 1328 ²

483 1399 651 1462 Quid
679 1409 768 1457 est
794 1398 970 1477 igitur
1002 1398 1240 1477 (dixerit
1279 1399 1445 1479 quis)
1478 1398 1539 1456 in
1574 1397 1991 1475 jurejurando?

405 1513 546 1556 num
589 1496 798 1555 iratum
838 1497 1111 1556 timemus
1153 1495 1399 1554 Jovemt
1481 1496 1564 1553 At
1604 1492 1719 1553 hoe
1757 1495 1992 1571 quidem

407 1611 716 1652 commune
754 1603 844 1651 est
882 1594 1143 1651 omnium
1197 1592 1691 1669 philosophorum,
1734 1610 1853 1650 non
1898 1611 1992 1652 eo-

314 1709 376 1758 15
408 1707 535 1749 rum
575 1692 771 1763 modo,
800 1691 903 1766 qui
939 1689 1130 1748 Deum
1157 1688 1303 1748 nihil
1338 1689 1550 1750 habere
1590 1689 1778 1765 ipsum
1819 1707 1993 1767 nego-

269 1800 273 1803 ’
355 1821 363 1828 -
407 1783 476 1847 tii
512 1788 738 1861 dicunt,
781 1798 840 1845 et
862 1788 1024 1845 'nihil
1079 1786 1353 1844 exhibere
1409 1786 1591 1858 alteri,
1632 1786 1749 1857 seda
1789 1804 1991 1844 eorum

401 1885 602 1957 etiam,
631 1883 951 1963 qui-Deum
992 1901 1219 1959 semper
1262 1901 1430 1960 agere
1470 1882 1684 1958 aliquid
1712 1892 1771 1940 et
1798 1882 1992 1942 molit-i

405 1981 625 2053 volunt,
654 1999 948 2055 nunquam
989 1999 1102 2038 nec
1141 1979 1317 2038 irasci
1361 1977 1572 2049 Deum,
1604 1998 1714 2037 neo
1755 1997 1990 2040 nocere.

402 2078 569 2141 Quid
600 2087 791 2136 autem
820 2078 1001 2135 iratus
1028 2076 1257 2153 Jupiter
1288 2075 1419 2152 plus
1445 2095 1659 2134 noeere
1686 2076 1990 2153 potuisset,

307 2197 373 2248 m
404 2193 578 2253 quam
616 2174 822 2234 nocuit
860 2173 971 2231 sibi
1013 2173 1137 2249 ipse
1177 2172 1485 2250 Regulus?
1594 2172 1771 2231 Nulla
1812 2173 1990 2251 igitur

392 2270 489 2328 ‘vis
544 2270 652 2328 fuit
704 2270 1022 2348 feligionis,
1062 2283 1194 2345 quae
1245 2269 1463 2328 titutum
1517 2269 1824 2328 utilitatem
1866 2290 1990 2347 per·

402 2377 665 2425 verteret.
767 2367 886 2439 An,
935 2386 1010 2424 ne
1056 2367 1299 2443 turpiter
1353 2365 1607 2428 faceret?
1708 2366 1988 2440 Primum,

402 2464 643 2523 minima
695 2464 769 2521 de
821 2464 1006 2534 malis,
1115 2462 1277 2521 Num
1333 2463 1507 2540 igitur
1560 2473 1782 2522 tantum
1850 2464 1988 2528 mali

401 2560 698 2637 turpitudo
739 2561 849 2618 ista
888 2560 1157 2637 habebut,
1194 2572 1471 2636 quantum
1513 2559 1610 2618 ille
1652 2560 1987 2626 cruciatus?

304 2671 370 2723 25
402 2657 633 2718 Deinde
663 2657 805 2716 illud
833 2657 1006 2718 etiam
1038 2655 1189 2733 apud
1219 2657 1468 2729 Attium,

465 2818 497 2846 ‘⁸
514 2812 729 2879 Fregisti
758 2813 927 2863 fidem.
994 2812 1169 2876 Neque
1204 2811 1335 2875 dedi,
1359 2828 1520 2876 neque
1554 2812 1634 2876 de,
1658 2810 1851 2862 infideli
1881 2811 1986 2863 eui-

577 2894 777 2958 qua-¹¹¹2„
