2192 3517
174 234 351 297 [ιη]-
733 234 820 283 ΒΕ
863 236 1156 310 ormena.
1738 227 1845 287 113
1933 243 1938 248 ·

168 387 281 457 les;
325 384 414 444 sic
468 384 657 462 gloria
701 393 760 442 et
806 385 1119 461 quoerenda
1163 395 1222 443 et
1269 385 1627 455 collocanda
1665 401 1754 443 ra-

169 484 325 543 tione
351 492 457 541 est.
1605 465 1612 474 ’

240 579 596 655 Quanquam
650 580 926 655 praeclare
981 580 1254 638 Socrates
1295 580 1447 638 hanc
1488 580 1636 638 viam
1680 580 1748 637 ad

166 677 406 755 gloriam
474 676 810 753 proximam,
879 687 938 736 et
1006 659 1169 752 ¹quasi
1242 669 1750 753 compendiariam,

166 774 398 832 dicebat
438 792 585 846 esse,
615 772 664 831 si
706 774 836 848 quis
877 773 937 830 id
968 784 1186 851 ageret,
1216 785 1299 846 ut,
1327 773 1514 849 qualis
1554 757 1828 864 haberiss5⁴

165 872 355 943 vellet,
398 871 529 928 talis
569 881 738 929 esset.
820 867 1003 933 Quod
1045 871 1095 928 si
1137 872 1233 947 qui
1277 870 1665 941 simulatione,
1694 879 1780 927 et*

165 968 325 1027 inani
366 968 772 1041 ostentatione,
816 978 874 1024 et
913 968 1048 1027 ficto
1089 987 1209 1026 non
1250 969 1422 1026 modo
1467 986 1751 1038 sermone,

165 1065 268 1124 sed
308 1064 483 1123 etiam
526 1066 706 1137 vultu,
749 1065 1012 1128 stabilem
1054 1084 1118 1122 se
1172 1064 1414 1142 gloriam
1471 1059 1782 1139 consequi''

163 1180 331 1241 posse
379 1171 597 1233 rentur,
641 1162 1010 1228 vehementer
1064 1172 1275 1238 errant.
1357 1162 1516 1220 Vera
1567 1160 1755 1238 gloria

165 1259 394 1318 radices
463 1258 600 1336 agit,
673 1270 841 1335 atque
888 1257 1083 1317 'etiam
1157 1273 1540 1336 propagatur:
1617 1258 1754 1316 ficta
1783 1245 1844 1312 10

163 1356 360 1416 omnia
387 1356 672 1428 celeriter,
703 1369 974 1432 tanquam
1011 1356 1259 1427 flosculi,
1289 1355 1597 1425 decidunt3
1641 1374 1753 1414 nec
1821 1365 1829 1372 '

164 1454 495 1512 simulatum
566 1463 757 1529 potest
822 1452 1134 1528 quidquam
1201 1471 1329 1510 esse
1398 1453 1786 1534 diuturnum.⁸

162 1550 377 1609 Testes
419 1561 555 1608 sunt
589 1550 864 1633 permulti
908 1550 967 1607 in
1001 1558 1302 1625 utramque
1329 1559 1583 1625 partem:
1626 1549 1749 1621 sed,

165 1647 462 1706 brevitatis
515 1648 714 1718 causa,
757 1646 974 1704 familia
1030 1647 1245 1705 erimus
1300 1646 1560 1704 contenti
1615 1645 1750 1703 una,

161 1744 262 1803 Ti.
294 1745 451 1803 enim
488 1744 815 1814 GracchuS,
840 1743 908 1818 P.
939 1743 1109 1815 filius,
1139 1743 1361 1802 tamdiu
1402 1741 1751 1812 laudabitur,
1782 1751 1844 1799 15

160 1842 304 1899 dum
344 1841 624 1900 memoria
665 1859 855 1899 rerum
898 1840 1300 1920 Romanarum
1351 1838 1637 1896 manebit:
1695 1847 1753 1896 at
1851 1905 1854 1910 Ι

160 1938 289 2015 ejus
330 1938 434 1995 filii
475 1956 586 1996 nec
628 1937 740 1994 vivi
779 1937 1169 2012 probabantur
1213 1934 1401 2006 boniS,
1441 1944 1499 1992 et
1538 1932 1751 1991 mortui

159 2054 470 2093 numerum
496 2034 762 2096 obtinent
782 2034 912 2110 jure
940 2035 1241 2092 caesorum.
1597 2043 1601 2048 ’

242 2226 418 2287 XIII.
460 2226 588 2290 Qui
617 2227 792 2305 igitur
824 2228 1066 2305 adipisci
1088 2247 1281 2285 veram
1309 2226 1553 2305 gloriam
1585 2227 1751 2298 volet,

153 2324 394 2403 justitiae
425 2324 695 2402 fungatur
717 2323 940 2383 officiiS.
1026 2324 1117 2382 Ea
1143 2343 1269 2399 quae
1298 2332 1508 2395 essent,
1532 2323 1753 2384 dictum
1779 2330 1845 2380 20

159 2432 252 2481 est
278 2422 430 2481 libro
458 2421 770 2498 superiore.
1159 2433 1174 2440 ·
1221 2437 1226 2442 ·

243 2519 385 2593 Sed,
442 2530 506 2577 ut
559 2519 855 2590 facillime,
908 2518 1109 2593 quales
1173 2517 1374 2588 simus,
1411 2516 1573 2574 ttales
1626 2536 1754 2574 esse

156 2617 481 2689 videamur,
523 2613 632 2673 etsi
686 2615 747 2674 in
804 2634 875 2673 eo
931 2615 1056 2691 ipso
1105 2601 1189 2671 vis
1244 2613 1493 2671 maxima
1540 2622 1645 2685 est,
1691 2623 1755 2670 ut

156 2713 345 2773 simus
398 2714 441 2771 ii
495 2713 594 2790 qui
658 2712 858 2772 haberi
911 2712 1173 2784 velimus,
1230 2720 1424 2768 tamen
1490 2710 1754 2785 quaedam

155 2821 454 2888 praecepta
493 2810 686 2868 danda
724 2819 877 2868 sunt.
958 2808 1137 2879 Nam,
1167 2807 1216 2865 si
1244 2807 1373 2883 quis
1415 2807 1487 2863 ab
1515 2806 1756 2863 ineunte
1779 2804 1844 2855 25

157 2918 332 2967 aetate
373 2909 549 2966 habet
589 2925 824 2966 causam
865 2905 1218 2964 celebritatis
1258 2916 1316 2961 et
1352 2902 1623 2973 neminie,
1655 2911 1753 2958 aut

159 3024 196 3066 a
222 3014 390 3084 patre
418 2989 725 3080 acceptam
751 3003 931 3080 (quod
970 3001 1099 3073 tibi,
1130 3000 1208 3060 mi
1242 3000 1476 3071 Cicero,
1506 2998 1752 3057 arbitror

643 3098 773 3159 1⁰*
