2192 3517
217 206 274 253 1..
290 206 403 267 m]
791 206 878 253 nn
921 205 1212 256 omens.
1768 196 1881 257 159

214 354 406 431 potuit
457 354 668 412 videre.
709 381 727 401 .
771 345 873 411 Sic
927 363 1183 431 repente,
1240 353 1437 411 annuli
1490 354 1791 428 beneficio,

217 469 319 508 rex
372 459 606 507 exortus
657 460 744 507 est
797 451 1013 526 Lydiae.
1123 450 1303 508 Hunc
1369 451 1543 528 igitur
1607 451 1793 527 ipsum

219 548 495 606 annulum
521 548 807 606 siaehabeat
835 534 1084 624 sapienS,
1114 548 1296 606 nihilo
1323 548 1451 624 plus
1474 548 1588 606 sibi
1614 549 1792 608 licere

215 654 378 722 putet
415 645 682 720 peccare,
723 664 892 721 quam
934 645 984 702 si
1025 664 1145 702 non
1187 645 1440 703 haberet.
1532 645 1795 704 Honesta

216 742 373 799 enim
403 741 572 799 bonis
598 742 752 813 viriS,
780 760 899 800 non
927 725 1179 812 occulta,
1206 752 1555 818 quaeruntur.
1818 751 1853 800 5

298 839 491 914 Atque
535 839 649 895 hoc
700 839 832 896 loco
882 837 1208 915 philosophi
1260 839 1513 915 quidam,
1555 839 1795 897 minime

216 934 355 993 mali
397 935 480 992 ini
522 935 773 1011 quidem,
801 936 903 993 sed
943 954 1064 994 non
1105 935 1243 993 satis
1283 935 1460 1008 acuti,
1501 935 1694 994 fictam
1736 947 1796 994 et

218 1032 685 1090 commenticiam
727 1031 975 1090 fabulam
1005 1032 1211 1090 dicunt
1234 1032 1516 1109 prolatam
1547 1033 1798 1094 a¹Plato-

216 1147 326 1186 ne:
370 1129 532 1205 quasi
559 1147 693 1187 vero
733 1129 851 1201 ille,
883 1139 982 1186 aut
1020 1129 1236 1188 factum
1275 1130 1334 1187 id
1369 1148 1517 1201 esse,
1548 1138 1643 1214 aut
1669 1129 1792 1190 fieri

214 1226 494 1301 potuisse,
536 1225 822 1283 defendat.
920 1225 1068 1283 Haec
1110 1236 1198 1283 est
1237 1226 1323 1284 vis
1364 1225 1533 1304 hujus
1575 1226 1791 1300 annuli,
1823 1238 1884 1289 10

215 1332 276 1379 et
316 1322 487 1398 hujus
532 1323 810 1398 exempli:
865 1322 915 1380 si
967 1340 1141 1380 nemo
1193 1323 1461 1395 sciturus,
1504 1343 1677 1384 nemo
1718 1343 1793 1383 ne

216 1418 614 1494 suspicaturus
637 1418 869 1495 quidem
896 1419 990 1490 sit,
1015 1438 1150 1477 cum
1180 1419 1413 1495 aliquid,
1444 1421 1791 1496 divitiarum,

215 1514 510 1592 potentias,
552 1514 977 1587 dominationis,
1017 1515 1276 1599 libidinis
1323 1517 1519 1589 causi,
1538 1529 1545 1540 ’
1564 1518 1791 1592 feceris,

218 1611 269 1669 si
324 1611 382 1670 id
441 1610 571 1669 Diis
624 1612 1067 1688 hominibusque
1135 1612 1387 1672 futurum
1441 1614 1517 1671 sit
1570 1631 1793 1692 semper

218 1708 483 1787 ignotum
500 1729 515 1779 ;
558 1709 713 1767 sisne
740 1709 1012 1767 facturus.
1095 1708 1350 1787 Negant,
1374 1711 1431 1769 id
1454 1710 1789 1787 fierihposse.
1822 1720 1883 1771 15

215 1803 605 1880 Nequaquam
640 1814 833 1882 potest
860 1804 921 1862 id
946 1804 1213 1879 quidem:
1256 1806 1357 1864 sed
1399 1823 1611 1881 quaero,
1640 1808 1792 1883 quod

216 1912 434 1979 negant
484 1920 670 1978 posse,
712 1901 771 1960 id
812 1902 861 1959 si
900 1911 1115 1978 posset,
1169 1902 1442 1977 quidnam
1496 1904 1792 1964 facerent?

215 1997 442 2076 Urgent
482 1998 694 2056 rustice
733 2018 907 2057 sane:
950 2008 1165 2076 negant
1205 1999 1359 2058 enim
1402 2019 1600 2076 posse·;
1642 2011 1701 2060 et
1732 2002 1792 2061 in

216 2114 291 2154 eo
329 2105 618 2171 perstant:
673 2096 783 2154 hoc
831 2097 1066 2153 verbum
1113 2097 1251 2172 quid
1298 2098 1503 2170 valeat,
1545 2118 1658 2158 non
1718 2100 1795 2159 vi·
1853 2175 1858 2182 ‚

215 2192 372 2252 dent.
456 2193 608 2251 Cum
655 2191 811 2254 enim
859 2195 1183 2270 quaerimus,
1225 2195 1274 2252 si
1319 2196 1539 2270 possint
1580 2197 1791 2271 celare,
1819 2208 1884 2260 20

219 2289 358 2365 quid
399 2290 605 2349 facturi
646 2290 781 2361 sint,
798 2295 927 2347 'non
963 2290 1292 2365 quaerimus,
1319 2291 1616 2367 possintne
1643 2293 1795 2352 cela-

217 2404 315 2445 re:
356 2387 457 2444 sed
498 2398 768 2461 tanquam
810 2396 1091 2448 tormenta
1132 2388 1389 2462 quaedam
1436 2388 1791 2462 adhibemus,

219 2493 303 2554 ut,
359 2484 409 2541 si
465 2484 882 2560 responderint,
936 2502 1018 2555 se,
1073 2483 1413 2560 impunitate
1478 2487 1791 2564 proposita,

220 2578 475 2638 facturos
515 2580 668 2656 quod
710 2580 995 2657 expediat,
1024 2580 1383 2639 facinorosos
1410 2601 1471 2640 se
1498 2601 1625 2642 esse
1657 2583 1795 2641 fate-

221 2686 421 2748 antur-3
463 2677 513 2735 si
540 2686 775 2755 negent,
798 2677 992 2738 omnia
1017 2678 1209 2754 turpia
1231 2697 1334 2756 per
1361 2679 1550 2755 seipsa
1574 2679 1796 2756 fugien-
1821 2693 1884 2743 25

219 2772 297 2831 da
344 2791 475 2833 esse
528 2774 872 2832 concedant.
974 2774 1091 2832 Sed
1139 2774 1258 2851 jam
1314 2776 1386 2834 ad
1438 2775 1793 2852 propositum

218 2881 584 2932 revertamur.
