2192 3517
298 193 415 255 148
965 207 1052 254 m:
1095 208 1388 260 omens.
1471 280 1478 290 „
1778 207 1857 268 [L.
1877 207 1968 255 m

386 365 637 413 nostram
691 355 1135 435 intelligentiam
1190 355 1366 429 cadit,
1406 357 1687 415 tuendum
1734 376 1970 415 conser-

384 452 748 529 vandumque
801 464 889 512 est
943 456 1132 527 nobis,
1180 474 1351 531 quam
1404 455 1485 527 id,
1530 456 1684 530 quod
1736 456 1967 533 proprie

378 549 618 622 dicitur,
648 569 895 627 vereque
922 562 1010 609 est
1038 552 1364 624 honestum,
1394 552 1765 628 sapientibus,
1841 552 1967 610 Ali-

383 656 470 703 ter
510 648 664 705 enim
706 649 889 706 teneri
931 669 1049 706 non
1088 659 1297 724 potest,
1328 648 1376 706 si
1417 669 1530 725 qua
1570 659 1657 707 est
1691 650 1761 707 ad
1792 650 1968 707 virtu-

323 751 355 797 5
384 751 500 801 tem
543 744 698 803 facta
735 747 1081 823 progressio.
1166 746 1282 803 Sed
1325 745 1450 803 haeo
1491 746 1723 821 quidem
1765 747 1838 803 de
1871 746 1963 817 iis,

383 841 482 904 nui
524 842 962 899 conservatione
1003 842 1323 900 officiorum
1364 843 1761 901 existimantur
1803 844 1963 902 boni.

462 938 587 1001 Qui
632 949 822 996 autem
862 939 1060 997 omnia
1099 939 1416 998 metiuntur
1462 940 1865 997 emolumentis
1906 951 1964 998 et

386 1036 720 1107 commodiS,
749 1054 937 1109 neque
964 1054 1035 1092 ea
1061 1036 1261 1093 volunt
1302 1036 1724 1113 praeponderari
1758 1037 1966 1094 hones-

385 1142 520 1203 tate,
565 1131 625 1188 hi
666 1131 872 1203 solent,
917 1132 976 1189 in
1031 1132 1426 1205 deliberando,
1468 1134 1772 1191 honestum
1826 1153 1962 1191 eum

294 1237 354 1286 10
384 1246 475 1300 e0,
507 1228 658 1302 quod
700 1228 838 1285 utile
877 1239 1100 1305 putant,
1131 1247 1498 1306 comparare:
1542 1230 1680 1287 boni
1708 1230 1813 1287 viri
1842 1248 1961 1287 non

382 1305 613 1382 solent.'
668 1323 871 1400 Itaque
898 1326 1191 1399 existimo,
1220 1326 1561 1398 Panaetium,
1592 1346 1726 1384 cum
1754 1327 1962 1385 dixerit

382 1422 647 1481 nomines
694 1423 880 1480 solere
924 1424 984 1480 in
1010 1425 1136 1496 ,hae
1191 1424 1619 1500 comparatione
1659 1424 1957 1496 dubitare,

383 1519 494 1577 hoo
535 1518 721 1595 ipsum
763 1521 1031 1592 sensisse,
1075 1521 1228 1596 quod
1269 1521 1495 1592 dixerit,
1538 1522 1724 1578 solere
1762 1522 1959 1593 modo,

382 1635 497 1674 non
539 1617 712 1674 etiam
759 1628 1056 1698 oportere:
1113 1617 1327 1687 etenim
1381 1636 1499 1675 non
1553 1617 1727 1675 modo
1778 1618 1961 1694 pluris

292 1717 354 1769 15
381 1723 583 1790 putare
624 1714 777 1790 quod
832 1715 972 1772 utile
1012 1714 1293 1785 videatur,
1335 1733 1505 1794 quam
1547 1715 1700 1790 quod
1756 1715 1963 1773 hones-

385 1821 504 1868 tum
522 1831 537 1881 3
588 1811 689 1868 sed
731 1811 856 1868 haee
897 1810 1072 1868 etiam
1115 1811 1262 1868 inter
1301 1829 1363 1867 se
1404 1830 1756 1887 comparare,
1798 1821 1858 1869 et
1897 1812 1960 1869 in

382 1906 474 1964 his
503 1907 859 1979 addubitare,
881 1907 1272 1982 turpissimum
1306 1916 1411 1964 est.
1489 1905 1655 1969 Quid
1683 1918 1768 1966 est
1797 1927 1959 1986 ergo,

383 2004 535 2078 quod
576 2022 989 2078 nonnunquam
1030 2003 1451 2061 dubitationem
1500 2005 1700 2061 afferre
1755 2006 1957 2078 soleat,

383 2099 981 2176 considerandumque
1020 2100 1322 2158 videatur?
1404 2101 1613 2173 Credo,
1642 2102 1691 2159 si
1726 2102 1960 2178 quando

286 2207 352 2260 80
381 2196 664 2255 dubitatio
705 2195 938 2269 accidit,
980 2196 1148 2272 quale
1189 2196 1265 2255 sit
1304 2196 1384 2269 id,
1426 2198 1500 2255 de
1540 2216 1656 2273 quo
1697 2199 1962 2256 conside-

381 2302 555 2350 retur.
1655 2299 1660 2302 ’

460 2390 626 2466 Saepe
666 2390 822 2448 enim
862 2400 1121 2468 tempore
1166 2391 1249 2463 fit,
1293 2402 1375 2464 ut,
1416 2393 1584 2467 quod'
1623 2392 1959 2469 plerumque

377 2497 545 2562 turpe
587 2487 785 2544 haberi
824 2488 1024 2559 soleat,
1068 2489 1393 2547 inveniatur
1440 2508 1557 2546 non
1603 2508 1730 2546 esse
1770 2499 1954 2564 turpe.

381 2582 646 2659 Exempli
702 2585 899 2656 causa,
955 2596 1198 2661 ponatur
1268 2585 1501 2661 aliquid,
1557 2586 1710 2660 quod
1763 2596 1959 2661 pateat

287 2696 353 2746 25
379 2679 567 2739 latius.
649 2680 832 2742 Quod
874 2692 1060 2756 potest
1113 2682 1298 2758 majus
1350 2701 1478 2739 esse
1531 2682 1741 2753 sceluS,
1785 2701 1958 2758 quam

380 2795 499 2836 non
527 2777 702 2833 modo
729 2777 1042 2850 hominem,
1071 2778 1173 2836 sed
1202 2780 1376 2836 etiam
1408 2778 1748 2836 familiarem
1777 2778 1961 2838 homi-

380 2893 534 2945 nem,
563 2873 875 2931 occidere?
954 2873 1115 2932 Num
1158 2874 1330 2950 igitur
1371 2894 1435 2931 se
1478 2875 1740 2933 astrinxit
1780 2874 1961 2933 seele-

379 2988 461 3042 re,
484 2970 534 3028 si
555 2969 683 3046 quis
710 2979 1015 3047 tyrannum
1037 2971 1276 3044 oceidit,
1298 2970 1558 3047 quamvis
1578 2971 1957 3032 familiarem?
