2192 3517
194 238 248 286 L.
274 240 334 301 ι]
782 236 870 283 ΒΕ
907 235 1204 285 omem.
1260 277 1264 286 ,
1797 227 1871 286 15

199 386 565 446 nobilitatum
606 406 726 445 non
764 385 861 459 sit,
889 396 1085 478 tamen
1116 385 1424 445 honestum
1453 385 1561 456 sit3
1602 386 1785 463 quod-

198 502 312 559 que
373 502 508 541 vere
563 483 831 556 dicimus,
870 483 1046 542 etiam
1094 480 1148 541 si
1200 502 1237 542 ι
1280 484 1442 542 nullo
1493 483 1780 555 laudetur,

194 582 407 640 natura
436 600 563 646 esse
592 580 896 640 laudabile.

186 849 191 858 ι
280 779 351 835 V.
424 778 696 838 Formam
750 776 983 853 quidem
1040 776 1249 853 ipsam,
1305 773 1509 833 Marce
1562 776 1665 849 fili,
1719 788 1779 835 et

199 887 473 951 tanquam
531 875 761 946 faciem,
804 874 1027 934 honesti
1069 873 1265 945 rides3
1334 891 1463 948 quae
1503 872 1554 931 si
1594 873 1782 932 oculis
1809 871 1844 920 5

197 983 555 1045 cerneretur,
593 971 886 1030 mirabiles
927 990 1154 1034 amores
1196 969 1289 1049 (ut
1332 970 1412 1029 ait
1452 969 1647 1051 Plato)
1690 989 1784 1028 ex·

197 1071 408 1127 citaret
429 1069 743 1146 sapientiae.
814 1069 932 1127 Sed
954 1087 1151 1141 omne,
1168 1069 1322 1144 quod
1342 1068 1651 1126 honestum
1672 1078 1781 1140 est,

201 1163 257 1220 id
282 1173 529 1239 quatuor
547 1162 794 1240 partium
817 1163 1000 1220 oritur
1028 1181 1101 1221 ex
1131 1162 1339 1238 aliqua.
1402 1162 1526 1220 Aut
1542 1161 1780 1220 enimin

196 1260 611 1336 perspicientia
652 1260 772 1317 veri
814 1255 1187 1335 soilertiaq'ue
1230 1269 1523 1330 versatur3
1582 1269 1680 1317 aut
1721 1259 1781 1317 in

197 1357 499 1416 hominum
549 1357 828 1416 societate
867 1356 1105 1429 tuenda,
1147 1356 1571 1433 tribuendoque
1612 1371 1784 1414 suum
1814 1354 1875 1404 1⁰

198 1449 433 1524 cuique,
453 1459 512 1506 et
534 1463 724 1506 rerum
748 1458 1177 1507 contractarum
1201 1447 1347 1519 fide3
1393 1458 1492 1507 aut
1519 1449 1580 1507 in
1603 1446 1783 1507 mimi

196 1545 414 1603 excelsi
445 1545 844 1621 atque'invicti
873 1545 1273 1624 magnitudine
1304 1564 1372 1603 ac
1398 1546 1608 1603 robore
1624 1565 1640 1617 ;
1686 1555 1784 1603 aut

200 1643 256 1700 in
300 1642 583 1713 omnium,
612 1661 740 1717 quae
773 1642 940 1714 fiunt,
968 1661 1213 1718 quaeque
1253 1633 1783 1714 dicunturjordine

197 1750 256 1797 et
286 1738 482 1811 modo,
513 1739 573 1822 in
601 1757 723 1816 quo,
747 1739 899 1796 inest
925 1738 1212 1798 modestia
1237 1748 1297 1795 et
1322 1735 1750 1813 temperantia.-

275 1836 434 1898 Quae
458 1846 701 1911 quatuor
717 1853 1044 1912 quanquam
1070 1834 1218 1892 inter
1235 1829 1303 1892 'se
1324 1832 1598 1911 colligata
1614 1844 1786 1909 atque
1814 1837 1876 1888 1⁸

201 1933 498 2009 implicata
524 1943 679 2005 sunt,
700 1919 895 1990 tamen
917 1950 989 1990 ex
1009 1931 1256 2009 singulis
1277 1941 1438 1989 certa
1457 1930 1781 1989 officiorum

200 2048 417 2107 genera
458 2038 776 2087 nascuntur
801 2048 814 2087 z
858 2027 1012 2087 velut
1039 2047 1113 2088 ex
1138 2027 1209 2086 ea
1235 2037 1421 2105 parte,
1449 2047 1576 2106 quae
1595 2027 1785 2105 prima

200 2126 494 2201 descripta
532 2136 640 2198 est,
675 2124 733 2183 in
777 2125 892 2201 qua
932 2124 1274 2202 sapientiam
1315 2135 1376 2184 et
1411 2124 1781 2206 prudentiam

199 2222 487 2297 ponimuS,
539 2223 688 2284 inest
743 2221 1038 2299 indagatio
1094 2232 1266 2297 atque
1320 2221 1577 2280 inventio
1623 2221 1782 2280 veri:

200 2319 438 2394 ejusque
487 2318 712 2377 virtutis
767 2318 879 2380 hoc
921 2337 1132 2376 munus
1174 2327 1262 2377 est
1306 2318 1619 2395 proprium.
1700 2318 1784 2377 Ut
1808 2321 1872 2373 2⁰

199 2415 355 2472 enim
398 2416 641 2490 quisque
683 2415 931 2484 maxime
971 2415 1268 2491 perspicit,
1298 2415 1435 2491 quid
1465 2410 1525 2472 in
1553 2433 1616 2472 re
1642 2415 1782 2492 qua-

199 2531 311 2587 que
367 2512 726 2569 verissimum
794 2505 888 2583 sit,
918 2512 1158 2588 quique
1216 2511 1548 2572 acutissime
1588 2523 1647 2570 et
1686 2530 1781 2570 ce-

200 2608 429 2667 lerrime
470 2618 658 2683 potest
685 2618 744 2665 et
771 2608 965 2666 videre
993 2617 1052 2665 et
1077 2608 1368 2684 explicare
1396 2607 1699 2677 rationem,
1729 2606 1779 2663 is

197 2704 679 2779 prudentissimus
700 2714 760 2761 et
781 2704 1239 2780 sapientissimus
1259 2704 1368 2761 rite
1390 2704 1590 2761 haberi
1609 2702 1775 2760 solet.

195 2800 504 2863 Quocirca
547 2799 706 2871 hnic,
748 2799 911 2876 quasi
959 2800 1219 2872 materia,
1249 2817 1421 2875 quam
1462 2806 1690 2870 tractet,
1719 2807 1777 2856 et
1805 2802 1868 2851 25

200 2896 256 2954 in
287 2897 403 2973 qud
432 2907 708 2967 versetur,
739 2896 1000 2973 subjecta
1025 2906 1114 2953 est
1140 2896 1367 2953 veritas,

278 2992 552 3067 Reliquis
600 3001 790 3050 autem
832 2991 1016 3048 tribus
1052 2991 1361 3049 virtutibus
1402 2989 1777 3050 necessitates
