2192 3517
191 222 328 282 nr]
424 207 439 220 ²
668 290 675 298 ⁸
788 221 875 269 nr.
913 221 1207 269 ormena.
1785 213 1867 272 55

187 373 335 445 viro,
381 383 441 430 et
487 372 764 430 decorum
810 373 1068 432 videtur:
1112 373 1265 450 quod
1312 357 1534 446 contra,
1584 372 1664 446 id,
1709 382 1775 430 ut

187 482 379 546 turpe,
408 470 496 528 sic
524 470 880 528 indecorum.

267 568 478 628 Quare
513 567 765 643 pertinet
789 567 1024 645 quidem
1054 567 1126 625 ad
1156 585 1387 625 omnem
1414 568 1776 628 honestatem

190 665 311 721 hoc
342 663 523 741 (quod
553 664 716 745 dico)
746 664 1024 723 decorum
1045 684 1059 723 t
1103 674 1162 723 et
1183 664 1264 722 ita
1281 665 1550 741 pertinet,
1572 674 1638 722 ut
1657 683 1776 722 non

191 761 501 819 recondita
542 761 789 836 quadam
843 760 1069 819 ratione
1126 770 1417 834 cernatur,
1460 761 1562 819 sed
1602 761 1677 818 sit
1717 762 1777 819 in
1804 767 1838 817 5

191 868 486 934 promptu.
569 857 678 915 Est
703 858 860 915 enim
898 858 1195 934 quiddam,
1226 857 1398 935 idque
1439 857 1779 934 intelligitur

194 955 255 1012 in
300 954 459 1012 omni
501 953 729 1028 virtute,
758 955 914 1031 quod
950 954 1157 1013 deceat
1174 974 1189 1026 ;
1232 954 1387 1031 quod
1429 953 1780 1031 cogitatione

194 1052 382 1128 magis
413 1069 447 1108 a
472 1052 683 1109 virtute
708 1062 916 1130 potest,
938 1070 1115 1128 quam
1140 1070 1224 1124 re,
1248 1051 1515 1129 separari.
1584 1050 1664 1109 Ut
1691 1068 1784 1107 ve-

194 1158 399 1208 nustas
424 1157 485 1205 et
508 1148 882 1223 pulchritudo
908 1147 1167 1223 corporis
1194 1147 1420 1206 secerni
1448 1166 1566 1205 non
1593 1155 1785 1223 potest

200 1244 582 1326 avaletudine
596 1264 611 1315 ;
642 1244 731 1301 sic
749 1244 864 1302 hoc
880 1242 980 1322 (de
1003 1261 1119 1320 quo
1136 1241 1455 1325 loquimur)
1479 1244 1779 1313 decorum,
1814 1257 1875 1307 10

196 1351 385 1399 totum
426 1340 568 1398 illud
610 1341 844 1417 quidem
885 1351 973 1399 est
1014 1351 1151 1398 cnm
1191 1340 1401 1399 virtute
1441 1340 1780 1411 confusum3

195 1438 299 1497 sed
330 1447 524 1495 mente
551 1447 611 1495 et
637 1437 993 1514 cogitatione
1020 1437 1413 1515 distinguitur.

277 1533 388 1592 Est
444 1544 636 1591 autem
690 1534 815 1610 ejus
868 1533 1184 1610 descriptio
1235 1533 1484 1609 duplex:
1541 1552 1676 1592 nam
1724 1543 1782 1591 et

198 1630 473 1709 generale
501 1629 790 1706 quoddam
819 1631 1099 1688 decorum
1127 1630 1522 1707 intelligimuS,
1546 1630 1699 1705 quod
1724 1631 1784 1687 in

198 1728 361 1786 omni
402 1728 701 1785 honestate
742 1736 1033 1797 versatur3
1077 1736 1136 1783 et
1179 1726 1354 1798 aliud,
1383 1726 1522 1784 huic
1562 1707 1786 1802 subjec·
1808 1737 1877 1786 >15

197 1836 344 1898 tum,
375 1824 530 1902 quod
555 1824 807 1901 pertinet
837 1823 910 1882 ad
941 1823 1202 1900 singulas
1225 1833 1419 1899 partes
1447 1822 1781 1881 honestatis,

199 1923 401 1999 Atque
440 1921 583 1980 illud
624 1921 890 1997 superins
926 1919 1013 1978 sic
1047 1919 1167 1978 fere
1194 1919 1422 1978 definiri
1450 1920 1598 1977 solet
1613 1927 1630 1977 ἐ
1673 1918 1790 1976 De-

198 2037 407 2078 corum
450 2018 511 2076 id
551 2037 698 2091 esse,
728 2017 884 2095 quod
928 2026 1382 2090 consentaneum
1411 2015 1499 2074 'sit
1538 2016 1788 2075 hominis

199 2116 580 2187 excellentiis,
611 2115 671 2173 in
712 2133 805 2187 eo,
836 2115 895 2172 in
936 2133 1051 2190 quo
1079 2124 1288 2172 natura
1326 2113 1450 2190 ejus
1484 2133 1518 2171 a
1551 2112 1788 2189 reliquis

202 2211 594 2270 animantibus
633 2207 875 2268 differat.
956 2209 1114 2271 Qu‘ae
1149 2219 1340 2267 autem
1367 2228 1499 2286 pars
1527 2209 1790 2285 subjecta
1817 2219 1881 2269 20

201 2308 403 2386 generi
432 2317 540 2379 est,
569 2325 699 2364 eam
727 2305 815 2363 sic
842 2305 1147 2377 definiunt,
1175 2315 1241 2362 ut
1269 2305 1328 2363 id
1357 2305 1633 2363 decorum
1662 2294 1789 2363 esse

204 2405 400 2471 velint,
431 2404 586 2479 quod
627 2403 712 2461 ita
753 2411 974 2460 naturae
1014 2411 1470 2460 consentaneum
1511 2402 1605 2470 sit,
1638 2412 1701 2460 ut
1727 2402 1788 2459 in

202 2521 276 2560 eo
305 2501 627 2558 moderatio
666 2509 726 2557 et
765 2499 1149 2575 temperantia
1185 2510 1474 2577 appareat,
1505 2518 1638 2558 cum
1667 2518 1792 2576 spe-

204 2599 301 2656 cie
327 2597 578 2672 quadam
607 2595 851 2658 liberali.

284 2788 578 2848 XXVIII.
642 2787 793 2846 Haec
816 2781 904 2846 'ita
930 2788 1199 2865 intelligi,
1228 2789 1556 2847 existimare
1590 2806 1790 2863 possu·
1818 2801 1883 2851 25

205 2907 354 2959 muS,
398 2905 471 2943 ex
513 2903 586 2943 eo
629 2885 859 2942 decoros
891 2884 1047 2960 quod
1091 2889 1282 2960 poetae
1323 2895 1673 2959 sequuntur3
1716 2883 1789 2942 de

204 3003 322 3061 quo
353 2982 468 3041 alio
495 2982 628 3039 loco
653 2981 823 3058 plura
847 2980 966 3039 dici
986 2982 1191 3039 solent.
1275 2982 1393 3039 Sed
1415 2991 1536 3038 tum
1565 2997 1789 3039 servare
