2192 3517
329 210 409 269 48
1012 216 1102 262 -Ds
1139 187 1432 263 omens,
1844 220 1929 279 [L.
1953 217 1974 263 1

420 369 679 439 urbibuS,
694 368 865 425 vaide
880 368 1361 426 considerandum
1376 377 1482 440 est,
1500 387 1576 426 ne
1601 367 1737 444 quid
1759 377 1998 440 temere,

422 481 497 523 ne
538 465 677 541 quid
718 465 1071 524 crudeliter.·
1126 465 1308 542 quue
1336 475 1423 522 est
1449 465 1555 522 viri
1582 465 1796 542 magni,
1826 467 2001 522 rebus

424 562 670 639 agitatis,
698 562 903 640 punire
930 573 1145 635 sontes,
1175 561 1602 619 multitudinem
1635 580 1998 634 conservare,

425 659 484 716 in
525 661 683 717 omni
725 661 954 718 fortuna
1010 671 1171 717 recta
1226 669 1395 735 atque
1449 657 1691 716 honesta
1729 659 1998 716 retinere.

360 759 393 808 5
423 756 502 815 Ut
544 759 696 815 enim
743 768 893 829 sunt,
942 756 1450 834 (quemadmodum
1494 775 1664 831 supra
1706 755 1855 836 dixi)
1900 756 2004 831 qui

423 855 661 913 urbanis
700 855 872 912 rebus
914 854 1153 911 bellicas
1195 862 1578 929 anteponant3
1622 854 1709 910 sic
1748 854 2005 929 reperies

424 952 656 1024 multos,
686 952 890 1028 quibus
915 950 1244 1026 periculosa
1262 960 1321 1008 et
1342 950 1531 1010 calida
1558 950 1818 1022 consilia,
1842 950 2005 1025 quie-

424 1048 499 1106 tis
520 1059 577 1106 et
599 1047 867 1126 cogitatis
883 1058 942 1105 et
959 1043 1349 1123 splendidiora
1368 1056 1426 1104 et
1443 1047 1661 1123 majora
1679 1047 2002 1104 videantur.

504 1144 815 1220 Nunquam
857 1145 1115 1216 omnino,
1155 1143 1400 1220 periculi
1443 1143 1599 1221 fuga,
1643 1144 2007 1202 committen-

334 1251 395 1301 10
426 1240 563 1298 dum
605 1251 709 1312 est,
751 1252 811 1299 ut
867 1241 1130 1298 imbelles
1169 1241 1470 1316 timidique
1507 1240 1838 1299 videamur:
1895 1241 2006 1298 sed

427 1337 763 1414 fugiendum
790 1338 964 1396 etiam
994 1337 1155 1410 illud,
1186 1358 1260 1396 ne
1301 1338 1608 1396 offeramus
1643 1356 1752 1395 nos
1775 1336 2009 1413 pericu-

367 1471 372 1478 ·
426 1434 497 1491 lis
536 1435 661 1492 sine
702 1435 914 1492 causa:
973 1452 1086 1510 quo
1142 1434 1286 1492 nihil
1342 1444 1532 1510 potest
1585 1452 1713 1492 esse
1754 1433 2002 1492 stultius,

425 1530 820 1608 Quapropter,
879 1533 939 1589 in
989 1531 1269 1589 adeundis
1313 1530 1585 1608 periculis
1643 1530 2008 1588 consuetudo

366 1671 371 1674 -
429 1628 708 1687 imitanda
746 1627 1103 1686 medicorum
1146 1638 1251 1700 est,
1280 1628 1378 1704 qui
1417 1627 1619 1685 leviter
1660 1637 2008 1704 aegrotantes

335 1739 398 1790 15
427 1725 632 1784 leniter
660 1736 884 1798 curant,
914 1725 1274 1804 gravioribus
1317 1736 1504 1783 autem
1534 1725 1749 1782 morbis
1775 1723 2008 1800 pericu-

418 1824 579 1881 ·losas
606 1824 951 1881 curationes
975 1834 1033 1880 et
1075 1823 1356 1898 ancipites
1399 1821 1669 1880 adhibere
1697 1830 2005 1898 coguntur.

426 1920 649 1990 Quare,
684 1919 743 1977 in
783 1919 1100 2003 tranquillos
1130 1928 1528 1993 tempestatem
1571 1918 1864 1975 adversam
1903 1936 2009 1994 op-

427 2024 570 2085 tare,
610 2013 895 2071 dementis
933 2022 1057 2081 est3
1101 2012 1406 2082 subvenire
1448 2023 1636 2070 autem
1679 2014 2010 2089 tempestati

428 2110 628 2185 quivis
668 2109 911 2180 ratione,
954 2108 1258 2183 sapientis3
1300 2126 1485 2183 eoque
1527 2110 1731 2187 magis,
1783 2109 1829 2167 si
1875 2110 2009 2186 plus

336 2223 402 2274 ει)
432 2206 770 2283 adipiscare,
800 2224 862 2263 re
901 2204 1207 2280 explicata,
1236 2204 1395 2276 boni,
1426 2224 1617 2281 quam,
1648 2206 2008 2278 addubitata,

430 2301 583 2362 mali.
666 2301 1009 2360 Periculosae
1052 2311 1241 2359 autem
1283 2320 1473 2359 rerum
1513 2302 1771 2360 actiones
1797 2302 2011 2378 partim

433 2400 504 2457 iis
560 2407 694 2456 sunt
748 2399 845 2474 qui
886 2418 985 2457 eas
1025 2398 1367 2474 suscipiunt,
1407 2399 1612 2476 partim
1656 2399 2008 2475 reipublicae.

432 2495 693 2570 Itemque
723 2495 817 2552 alii
845 2496 918 2551 de
939 2495 1075 2566 vita,
1097 2494 1194 2552 alii
1216 2495 1288 2552 de
1309 2496 1512 2572 gloria,
1531 2505 1589 2552 et
1612 2495 2010 2564 benevolentia

434 2592 667 2665 civium,
692 2592 750 2650 in
780 2592 1088 2651 discrimen
1113 2593 1407 2651 vocantur.
1491 2591 1877 2667 Promptiores
1906 2592 2013 2669 igi-

342 2709 407 2760 25
435 2701 526 2750 tur
573 2691 850 2749 debemus
892 2707 1019 2747 esse
1063 2690 1135 2747 ad
1175 2689 1374 2746 nostra
1410 2687 1687 2765 pericula,
1722 2705 1893 2763 quam
1936 2690 2011 2746 ad

437 2788 787 2860 communia,
830 2787 1219 2862 dimicareque
1272 2785 1528 2862 paratius
1572 2784 1645 2842 de
1687 2785 1912 2843 honore
1952 2796 2013 2844 et

342 2881 361 2900 ⁸
437 2884 642 2963 glotis,
671 2897 841 2960 quam
869 2883 942 2940 de
970 2882 1192 2940 caeteris
1220 2880 1554 2940 commodis.

516 2980 745 3038 Inventi
775 2988 964 3038 autem
992 2978 1158 3037 multi
1185 2986 1339 3053 sunt,
1367 2979 1466 3057 qui
1492 2996 1611 3038 non
1639 2979 1810 3040 modo
1835 2997 2012 3057 pecu-
