<?xml version="1.0" encoding="UTF-8"?>
<!DOCTYPE html PUBLIC "-//W3C//DTD XHTML 1.0 Transitional//EN"
    "http://www.w3.org/TR/xhtml1/DTD/xhtml1-transitional.dtd">
<html xmlns="http://www.w3.org/1999/xhtml" xml:lang="en" lang="en">
 <head>
  <title>
</title>
<meta http-equiv="Content-Type" content="text/html;charset=utf-8" />
  <meta name='ocr-system' content='tesseract 3.04.00' />
  <meta name='ocr-capabilities' content='ocr_page ocr_carea ocr_par ocr_line ocrx_word'/>
</head>
<body>
  <div class='ocr_page' id='page_1' title='image "./mtciceronisdeof05cicegoog/mtciceronisdeof05cicegoog_0149.png"; bbox 0 0 2192 3517; ppageno 0'>
   <div class='ocr_carea' id='block_1_1' title="bbox 200 222 1885 288">
    <p class='ocr_par' dir='ltr' id='par_1_1' title="bbox 200 222 1885 288">
     <span class='ocr_line' id='line_1_1' title="bbox 200 222 1885 288; baseline 0.004 -14"><span class='ocrx_word' id='word_1_1' title='bbox 200 227 263 274; x_wconf 60' lang='lat'>1.</span> <span class='ocrx_word' id='word_1_2' title='bbox 283 226 392 288; x_wconf 80' lang='lat' dir='ltr'>m]</span> <span class='ocrx_word' id='word_1_3' title='bbox 786 228 872 275; x_wconf 79' lang='lat' dir='ltr'>m:</span> <span class='ocrx_word' id='word_1_4' title='bbox 916 229 1209 275; x_wconf 75' lang='lat' dir='ltr'>omens.</span> <span class='ocrx_word' id='word_1_5' title='bbox 1771 222 1885 281; x_wconf 76' lang='lat'>143</span> 
     </span>
    </p>
   </div>
   <div class='ocr_carea' id='block_1_2' title="bbox 198 377 1902 2969">
    <p class='ocr_par' dir='ltr' id='par_1_2' title="bbox 198 377 1902 2969">
     <span class='ocr_line' id='line_1_2' title="bbox 202 377 1792 455; baseline 0.003 -20"><span class='ocrx_word' id='word_1_6' title='bbox 202 377 516 454; x_wconf 87' lang='lat' dir='ltr'>profectus,</span> <span class='ocrx_word' id='word_1_7' title='bbox 568 378 799 436; x_wconf 84' lang='lat' dir='ltr'>inanem</span> <span class='ocrx_word' id='word_1_8' title='bbox 846 378 1035 436; x_wconf 86' lang='lat' dir='ltr'>redire</span> <span class='ocrx_word' id='word_1_9' title='bbox 1078 380 1469 455; x_wconf 88' lang='lat' dir='ltr'>turpissimum</span> <span class='ocrx_word' id='word_1_10' title='bbox 1535 391 1643 454; x_wconf 87' lang='lat' dir='ltr'>est,</span> <span class='ocrx_word' id='word_1_11' title='bbox 1692 380 1792 438; x_wconf 87' lang='lat' dir='ltr'>de-</span> 
     </span>
     <span class='ocr_line' id='line_1_3' title="bbox 204 474 1786 558; baseline 0.003 -28"><span class='ocrx_word' id='word_1_12' title='bbox 204 474 578 558; x_wconf 69' lang='lat' dir='ltr'>decorantem</span> <span class='ocrx_word' id='word_1_13' title='bbox 626 483 686 531; x_wconf 87' lang='lat' dir='ltr'>et</span> <span class='ocrx_word' id='word_1_14' title='bbox 733 475 892 533; x_wconf 86' lang='lat' dir='ltr'>urbis</span> <span class='ocrx_word' id='word_1_15' title='bbox 954 476 1377 549; x_wconf 87' lang='lat' dir='ltr'>auctoritatem,</span> <span class='ocrx_word' id='word_1_16' title='bbox 1406 486 1466 534; x_wconf 92' lang='lat' dir='ltr'>et</span> <span class='ocrx_word' id='word_1_17' title='bbox 1512 477 1786 555; x_wconf 77' lang='lat' dir='ltr'>magistri.</span> 
     </span>
     <span class='ocr_line' id='line_1_4' title="bbox 200 559 1787 650; baseline -0.001 -17"><span class='ocrx_word' id='word_1_18' title='bbox 200 570 429 643; x_wconf 80' lang='lat' dir='ltr'><strong>Quare,</strong></span> <span class='ocrx_word' id='word_1_19' title='bbox 471 559 747 647; x_wconf 78' lang='lat' dir='ltr'>quantum</span> <span class='ocrx_word' id='word_1_20' title='bbox 791 571 1012 630; x_wconf 90' lang='lat' dir='ltr'>conniti</span> <span class='ocrx_word' id='word_1_21' title='bbox 1057 571 1252 630; x_wconf 87' lang='lat' dir='ltr'>animo</span> <span class='ocrx_word' id='word_1_22' title='bbox 1289 582 1472 649; x_wconf 89' lang='lat' dir='ltr'>potes,</span> <span class='ocrx_word' id='word_1_23' title='bbox 1512 569 1787 650; x_wconf 74' lang='lat' dir='ltr'>quantum</span> 
     </span>
     <span class='ocr_line' id='line_1_5' title="bbox 203 666 1786 747; baseline 0.003 -23"><span class='ocrx_word' id='word_1_24' title='bbox 203 666 401 725; x_wconf 84' lang='lat' dir='ltr'>labore</span> <span class='ocrx_word' id='word_1_25' title='bbox 443 669 797 726; x_wconf 77' lang='lat' dir='ltr'>contendere</span> <span class='ocrx_word' id='word_1_26' title='bbox 826 667 904 747; x_wconf 91' lang='lat' dir='ltr'>(si</span> <span class='ocrx_word' id='word_1_27' title='bbox 945 668 1212 727; x_wconf 87' lang='lat' dir='ltr'>discendi</span> <span class='ocrx_word' id='word_1_28' title='bbox 1251 668 1416 728; x_wconf 87' lang='lat' dir='ltr'>labor</span> <span class='ocrx_word' id='word_1_29' title='bbox 1454 679 1542 727; x_wconf 85' lang='lat' dir='ltr'>est</span> <span class='ocrx_word' id='word_1_30' title='bbox 1577 672 1786 747; x_wconf 83' lang='lat' dir='ltr'>potius,</span> 
     </span>
     <span class='ocr_line' id='line_1_6' title="bbox 203 763 1849 845; baseline 0.003 -24"><span class='ocrx_word' id='word_1_31' title='bbox 203 782 378 839; x_wconf 88' lang='lat' dir='ltr'>quam</span> <span class='ocrx_word' id='word_1_32' title='bbox 435 763 720 845; x_wconf 82' lang='lat' dir='ltr'>voluptas)</span> <span class='ocrx_word' id='word_1_33' title='bbox 775 775 1023 839; x_wconf 87' lang='lat' dir='ltr'>tantum,</span> <span class='ocrx_word' id='word_1_34' title='bbox 1065 766 1179 841; x_wconf 85' lang='lat' dir='ltr'>fac,</span> <span class='ocrx_word' id='word_1_35' title='bbox 1221 776 1286 824; x_wconf 93' lang='lat' dir='ltr'>ut</span> <span class='ocrx_word' id='word_1_36' title='bbox 1338 766 1589 825; x_wconf 83' lang='lat' dir='ltr'>efficias:</span> <span class='ocrx_word' id='word_1_37' title='bbox 1642 786 1789 825; x_wconf 83' lang='lat' dir='ltr'>neve</span> <span class='ocrx_word' id='word_1_38' title='bbox 1817 778 1849 826; x_wconf 83' lang='lat'><strong>5</strong></span> 
     </span>
     <span class='ocr_line' id='line_1_7' title="bbox 203 861 1790 941; baseline 0.004 -24"><span class='ocrx_word' id='word_1_39' title='bbox 203 861 550 934; x_wconf 65' lang='lat' dir='ltr'>commistae,</span> <span class='ocrx_word' id='word_1_40' title='bbox 594 871 675 933; x_wconf 91' lang='lat' dir='ltr'>ut,</span> <span class='ocrx_word' id='word_1_41' title='bbox 731 881 867 920; x_wconf 87' lang='lat' dir='ltr'>cum</span> <span class='ocrx_word' id='word_1_42' title='bbox 921 862 1120 921; x_wconf 83' lang='lat' dir='ltr'>omnia</span> <span class='ocrx_word' id='word_1_43' title='bbox 1172 863 1536 941; x_wconf 85' lang='lat' dir='ltr'>suppeditata</span> <span class='ocrx_word' id='word_1_44' title='bbox 1587 865 1704 922; x_wconf 89' lang='lat' dir='ltr'>sint</span> <span class='ocrx_word' id='word_1_45' title='bbox 1757 883 1790 923; x_wconf 81' lang='lat' dir='ltr'>a</span> 
     </span>
     <span class='ocr_line' id='line_1_8' title="bbox 201 958 1792 1031; baseline 0.003 -16"><span class='ocrx_word' id='word_1_46' title='bbox 201 958 395 1031; x_wconf 88' lang='lat' dir='ltr'>nobis,</span> <span class='ocrx_word' id='word_1_47' title='bbox 423 968 546 1016; x_wconf 89' lang='lat' dir='ltr'>tute</span> <span class='ocrx_word' id='word_1_48' title='bbox 586 958 692 1017; x_wconf 91' lang='lat' dir='ltr'>tibi</span> <span class='ocrx_word' id='word_1_49' title='bbox 733 959 986 1018; x_wconf 80' lang='lat' dir='ltr'>defuisse</span> <span class='ocrx_word' id='word_1_50' title='bbox 1024 959 1275 1019; x_wconf 80' lang='lat' dir='ltr'>videare.</span> <span class='ocrx_word' id='word_1_51' title='bbox 1358 960 1476 1019; x_wconf 81' lang='lat' dir='ltr'>Sed</span> <span class='ocrx_word' id='word_1_52' title='bbox 1505 962 1629 1020; x_wconf 80' lang='lat' dir='ltr'>hoec</span> <span class='ocrx_word' id='word_1_53' title='bbox 1656 961 1792 1020; x_wconf 87' lang='lat' dir='ltr'>hac·</span> 
     </span>
     <span class='ocr_line' id='line_1_9' title="bbox 201 1053 1791 1136; baseline 0.003 -24"><span class='ocrx_word' id='word_1_54' title='bbox 201 1065 392 1112; x_wconf 77' lang='lat' dir='ltr'>tenue.</span> <span class='ocrx_word' id='word_1_55' title='bbox 476 1053 664 1114; x_wconf 87' lang='lat' dir='ltr'>Multa</span> <span class='ocrx_word' id='word_1_56' title='bbox 688 1056 845 1114; x_wconf 89' lang='lat' dir='ltr'>enim</span> <span class='ocrx_word' id='word_1_57' title='bbox 874 1075 1028 1133; x_wconf 77' lang='lat' dir='ltr'>saepe</span> <span class='ocrx_word' id='word_1_58' title='bbox 1062 1058 1134 1115; x_wconf 81' lang='lat' dir='ltr'>ad</span> <span class='ocrx_word' id='word_1_59' title='bbox 1174 1066 1253 1131; x_wconf 88' lang='lat' dir='ltr'>te,</span> <span class='ocrx_word' id='word_1_60' title='bbox 1282 1057 1624 1116; x_wconf 84' lang='lat' dir='ltr'>cohortandi</span> <span class='ocrx_word' id='word_1_61' title='bbox 1663 1077 1791 1136; x_wconf 82' lang='lat' dir='ltr'>gra·-</span> 
     </span>
     <span class='ocr_line' id='line_1_10' title="bbox 203 1150 1790 1232; baseline 0.001 -23"><span class='ocrx_word' id='word_1_62' title='bbox 203 1151 307 1224; x_wconf 65' lang='lat' dir='ltr'>tia,</span> <span class='ocrx_word' id='word_1_63' title='bbox 337 1150 689 1228; x_wconf 83' lang='lat' dir='ltr'>scripsimus.</span> <span class='ocrx_word' id='word_1_64' title='bbox 771 1152 832 1211; x_wconf 88' lang='lat' dir='ltr'>N</span> <span class='ocrx_word' id='word_1_65' title='bbox 836 1171 952 1211; x_wconf 88' lang='lat' dir='ltr'>unc</span> <span class='ocrx_word' id='word_1_66' title='bbox 994 1153 1067 1210; x_wconf 83' lang='lat' dir='ltr'>ad</span> <span class='ocrx_word' id='word_1_67' title='bbox 1108 1153 1388 1231; x_wconf 89' lang='lat' dir='ltr'>reliquam</span> <span class='ocrx_word' id='word_1_68' title='bbox 1413 1164 1633 1232; x_wconf 78' lang='lat' dir='ltr'>partem</span> <span class='ocrx_word' id='word_1_69' title='bbox 1659 1172 1790 1232; x_wconf 90' lang='lat' dir='ltr'>pro·</span> 
     </span>
     <span class='ocr_line' id='line_1_11' title="bbox 200 1248 1902 1327; baseline 0.002 -21"><span class='ocrx_word' id='word_1_70' title='bbox 200 1249 405 1327; x_wconf 77' lang='lat' dir='ltr'>positae</span> <span class='ocrx_word' id='word_1_71' title='bbox 433 1248 735 1308; x_wconf 79' lang='lat' dir='ltr'>divisionis</span> <span class='ocrx_word' id='word_1_72' title='bbox 760 1260 1133 1308; x_wconf 83' lang='lat' dir='ltr'>revertamur.</span> <span class='ocrx_word' id='word_1_73' title='bbox 1819 1257 1902 1310; x_wconf 71' lang='grc' dir='ltr'>ω’</span> 
     </span>
     <span class='ocr_line' id='line_1_12' title="bbox 280 1344 1787 1424; baseline 0.003 -22"><span class='ocrx_word' id='word_1_74' title='bbox 280 1344 575 1403; x_wconf 81' lang='lat' dir='ltr'>Panaetius</span> <span class='ocrx_word' id='word_1_75' title='bbox 628 1345 805 1424; x_wconf 85' lang='lat' dir='ltr'>igitur</span> <span class='ocrx_word' id='word_1_76' title='bbox 860 1344 1007 1424; x_wconf 90' lang='lat' dir='ltr'>(qui,</span> <span class='ocrx_word' id='word_1_77' title='bbox 1062 1346 1190 1405; x_wconf 91' lang='lat' dir='ltr'>sine</span> <span class='ocrx_word' id='word_1_78' title='bbox 1244 1348 1657 1420; x_wconf 65' lang='lat' dir='ltr'>controversia,</span> <span class='ocrx_word' id='word_1_79' title='bbox 1713 1349 1787 1407; x_wconf 85' lang='lat' dir='ltr'>de</span> 
     </span>
     <span class='ocr_line' id='line_1_13' title="bbox 200 1441 1785 1521; baseline 0.003 -22"><span class='ocrx_word' id='word_1_80' title='bbox 200 1441 414 1499; x_wconf 87' lang='lat' dir='ltr'>officiis</span> <span class='ocrx_word' id='word_1_81' title='bbox 461 1442 895 1501; x_wconf 74' lang='lat' dir='ltr'>accuratissime</span> <span class='ocrx_word' id='word_1_82' title='bbox 948 1441 1278 1521; x_wconf 78' lang='lat' dir='ltr'>disputavit,</span> <span class='ocrx_word' id='word_1_83' title='bbox 1322 1463 1607 1521; x_wconf 85' lang='lat' dir='ltr'>quemque</span> <span class='ocrx_word' id='word_1_84' title='bbox 1660 1465 1785 1517; x_wconf 90' lang='lat' dir='ltr'>nos,</span> 
     </span>
     <span class='ocr_line' id='line_1_14' title="bbox 202 1538 1786 1616; baseline 0.001 -18"><span class='ocrx_word' id='word_1_85' title='bbox 202 1538 565 1598; x_wconf 70' lang='lat' dir='ltr'>correctione</span> <span class='ocrx_word' id='word_1_86' title='bbox 604 1539 853 1615; x_wconf 65' lang='lat' dir='ltr'>quadam</span> <span class='ocrx_word' id='word_1_87' title='bbox 895 1539 1174 1612; x_wconf 65' lang='lat' dir='ltr'>adhibita,</span> <span class='ocrx_word' id='word_1_88' title='bbox 1201 1540 1565 1616; x_wconf 86' lang='lat' dir='ltr'>potissimum</span> <span class='ocrx_word' id='word_1_89' title='bbox 1600 1542 1786 1601; x_wconf 90' lang='lat' dir='ltr'>secuti</span> 
     </span>
     <span class='ocr_line' id='line_1_15' title="bbox 198 1635 1787 1715; baseline 0.002 -23"><span class='ocrx_word' id='word_1_90' title='bbox 198 1636 451 1715; x_wconf 86' lang='lat' dir='ltr'>sumus),</span> <span class='ocrx_word' id='word_1_91' title='bbox 494 1635 678 1694; x_wconf 89' lang='lat' dir='ltr'>tribus</span> <span class='ocrx_word' id='word_1_92' title='bbox 730 1636 1041 1714; x_wconf 87' lang='lat' dir='ltr'>generibus</span> <span class='ocrx_word' id='word_1_93' title='bbox 1093 1636 1423 1713; x_wconf 86' lang='lat' dir='ltr'>propositis,</span> <span class='ocrx_word' id='word_1_94' title='bbox 1469 1637 1528 1695; x_wconf 89' lang='lat' dir='ltr'>in</span> <span class='ocrx_word' id='word_1_95' title='bbox 1579 1638 1787 1713; x_wconf 86' lang='lat' dir='ltr'>quibus</span> 
     </span>
     <span class='ocr_line' id='line_1_16' title="bbox 201 1725 1878 1805; baseline 0.002 -16"><span class='ocrx_word' id='word_1_96' title='bbox 201 1731 523 1790; x_wconf 83' lang='lat' dir='ltr'>deliberare</span> <span class='ocrx_word' id='word_1_97' title='bbox 564 1732 845 1805; x_wconf 88' lang='lat' dir='ltr'>homines,</span> <span class='ocrx_word' id='word_1_98' title='bbox 874 1742 933 1790; x_wconf 87' lang='lat' dir='ltr'>et</span> <span class='ocrx_word' id='word_1_99' title='bbox 960 1725 1283 1791; x_wconf 76' lang='lat' dir='ltr'>consultare</span> <span class='ocrx_word' id='word_1_100' title='bbox 1312 1734 1384 1791; x_wconf 87' lang='lat' dir='ltr'>de</span> <span class='ocrx_word' id='word_1_101' title='bbox 1412 1733 1606 1791; x_wconf 88' lang='lat' dir='ltr'>officio</span> <span class='ocrx_word' id='word_1_102' title='bbox 1642 1733 1788 1792; x_wconf 88' lang='lat' dir='ltr'>sole·</span> <span class='ocrx_word' id='word_1_103' title='bbox 1818 1745 1878 1792; x_wconf 85' lang='lat'>15</span> 
     </span>
     <span class='ocr_line' id='line_1_17' title="bbox 201 1821 1783 1902; baseline 0 -16"><span class='ocrx_word' id='word_1_104' title='bbox 201 1839 363 1899; x_wconf 78' lang='lat' dir='ltr'>rent3</span> <span class='ocrx_word' id='word_1_105' title='bbox 407 1845 541 1902; x_wconf 89' lang='lat' dir='ltr'>uno,</span> <span class='ocrx_word' id='word_1_106' title='bbox 571 1848 704 1887; x_wconf 88' lang='lat' dir='ltr'>cum</span> <span class='ocrx_word' id='word_1_107' title='bbox 737 1829 1086 1897; x_wconf 82' lang='lat' dir='ltr'>dubitarent,</span> <span class='ocrx_word' id='word_1_108' title='bbox 1117 1831 1500 1888; x_wconf 85' lang='lat' dir='ltr'>honestumne</span> <span class='ocrx_word' id='word_1_109' title='bbox 1527 1821 1585 1887; x_wconf 85' lang='lat' dir='ltr'>id</span> <span class='ocrx_word' id='word_1_110' title='bbox 1613 1841 1783 1901; x_wconf 86' lang='lat' dir='ltr'>esset,</span> 
     </span>
     <span class='ocr_line' id='line_1_18' title="bbox 202 1926 1784 2004; baseline 0.001 -21"><span class='ocrx_word' id='word_1_111' title='bbox 202 1926 276 1983; x_wconf 89' lang='lat' dir='ltr'>de</span> <span class='ocrx_word' id='word_1_112' title='bbox 316 1945 434 2002; x_wconf 88' lang='lat' dir='ltr'>quo</span> <span class='ocrx_word' id='word_1_113' title='bbox 475 1936 759 2004; x_wconf 87' lang='lat' dir='ltr'>ageretur,</span> <span class='ocrx_word' id='word_1_114' title='bbox 804 1945 876 1984; x_wconf 90' lang='lat' dir='ltr'>an</span> <span class='ocrx_word' id='word_1_115' title='bbox 930 1935 1130 2002; x_wconf 84' lang='lat' dir='ltr'>turpe3</span> <span class='ocrx_word' id='word_1_116' title='bbox 1188 1926 1387 1999; x_wconf 75' lang='lat' dir='ltr'>altere,</span> <span class='ocrx_word' id='word_1_117' title='bbox 1430 1926 1668 2000; x_wconf 85' lang='lat' dir='ltr'>utilene,</span> <span class='ocrx_word' id='word_1_118' title='bbox 1713 1945 1784 1984; x_wconf 84' lang='lat' dir='ltr'>an</span> 
     </span>
     <span class='ocr_line' id='line_1_19' title="bbox 203 2022 1787 2100; baseline -0.001 -19"><span class='ocrx_word' id='word_1_119' title='bbox 203 2022 440 2093; x_wconf 81' lang='lat' dir='ltr'>inutile3</span> <span class='ocrx_word' id='word_1_120' title='bbox 482 2022 674 2096; x_wconf 65' lang='lat' dir='ltr'>tertio,</span> <span class='ocrx_word' id='word_1_121' title='bbox 707 2023 757 2081; x_wconf 86' lang='lat' dir='ltr'>si</span> <span class='ocrx_word' id='word_1_122' title='bbox 798 2022 878 2093; x_wconf 89' lang='lat' dir='ltr'>id,</span> <span class='ocrx_word' id='word_1_123' title='bbox 919 2023 1073 2099; x_wconf 89' lang='lat' dir='ltr'>quod</span> <span class='ocrx_word' id='word_1_124' title='bbox 1113 2024 1368 2100; x_wconf 87' lang='lat' dir='ltr'>speciem</span> <span class='ocrx_word' id='word_1_125' title='bbox 1409 2023 1647 2081; x_wconf 88' lang='lat' dir='ltr'>haberet</span> <span class='ocrx_word' id='word_1_126' title='bbox 1685 2023 1787 2080; x_wconf 85' lang='lat' dir='ltr'>ho·</span> 
     </span>
     <span class='ocr_line' id='line_1_20' title="bbox 202 2120 1781 2198; baseline 0 -21"><span class='ocrx_word' id='word_1_127' title='bbox 202 2120 374 2192; x_wconf 88' lang='lat' dir='ltr'>nesti,</span> <span class='ocrx_word' id='word_1_128' title='bbox 427 2128 711 2198; x_wconf 84' lang='lat' dir='ltr'>pugnaret</span> <span class='ocrx_word' id='word_1_129' title='bbox 763 2138 898 2178; x_wconf 88' lang='lat' dir='ltr'>cum</span> <span class='ocrx_word' id='word_1_130' title='bbox 952 2138 1024 2179; x_wconf 83' lang='lat' dir='ltr'>eo</span> <span class='ocrx_word' id='word_1_131' title='bbox 1075 2120 1230 2196; x_wconf 90' lang='lat' dir='ltr'>quod</span> <span class='ocrx_word' id='word_1_132' title='bbox 1281 2120 1422 2179; x_wconf 89' lang='lat' dir='ltr'>utile</span> <span class='ocrx_word' id='word_1_133' title='bbox 1473 2120 1781 2192; x_wconf 84' lang='lat' dir='ltr'>videretur,</span> 
     </span>
     <span class='ocr_line' id='line_1_21' title="bbox 203 2216 1877 2293; baseline 0.002 -21"><span class='ocrx_word' id='word_1_134' title='bbox 203 2216 497 2291; x_wconf 88' lang='lat' dir='ltr'>quomodo</span> <span class='ocrx_word' id='word_1_135' title='bbox 536 2235 608 2274; x_wconf 86' lang='lat' dir='ltr'>ea</span> <span class='ocrx_word' id='word_1_136' title='bbox 645 2216 901 2274; x_wconf 85' lang='lat' dir='ltr'>discerni</span> <span class='ocrx_word' id='word_1_137' title='bbox 938 2227 1264 2293; x_wconf 82' lang='lat' dir='ltr'>oporteret3</span> <span class='ocrx_word' id='word_1_138' title='bbox 1309 2217 1383 2274; x_wconf 89' lang='lat' dir='ltr'>de</span> <span class='ocrx_word' id='word_1_139' title='bbox 1423 2218 1649 2275; x_wconf 89' lang='lat' dir='ltr'>duobus</span> <span class='ocrx_word' id='word_1_140' title='bbox 1689 2235 1787 2293; x_wconf 86' lang='lat' dir='ltr'>ge-</span> <span class='ocrx_word' id='word_1_141' title='bbox 1813 2232 1877 2281; x_wconf 71' lang='lat'>20</span> 
     </span>
     <span class='ocr_line' id='line_1_22' title="bbox 202 2312 1786 2390; baseline 0.001 -20"><span class='ocrx_word' id='word_1_142' title='bbox 202 2312 686 2388; x_wconf 86' lang='lat' dir='ltr'>neribus-primis,</span> <span class='ocrx_word' id='word_1_143' title='bbox 714 2312 900 2371; x_wconf 86' lang='lat' dir='ltr'>tribus</span> <span class='ocrx_word' id='word_1_144' title='bbox 936 2312 1102 2371; x_wconf 89' lang='lat' dir='ltr'>libris</span> <span class='ocrx_word' id='word_1_145' title='bbox 1127 2313 1473 2390; x_wconf 78' lang='lat' dir='ltr'>explicavit:</span> <span class='ocrx_word' id='word_1_146' title='bbox 1517 2314 1589 2371; x_wconf 89' lang='lat' dir='ltr'>de</span> <span class='ocrx_word' id='word_1_147' title='bbox 1616 2313 1786 2371; x_wconf 90' lang='lat' dir='ltr'>tertio</span> 
     </span>
     <span class='ocr_line' id='line_1_23' title="bbox 205 2409 1782 2486; baseline 0.003 -20"><span class='ocrx_word' id='word_1_148' title='bbox 205 2418 397 2468; x_wconf 85' lang='lat' dir='ltr'>autem</span> <span class='ocrx_word' id='word_1_149' title='bbox 451 2428 664 2486; x_wconf 83' lang='lat' dir='ltr'>genere</span> <span class='ocrx_word' id='word_1_150' title='bbox 732 2409 1010 2486; x_wconf 86' lang='lat' dir='ltr'>deinceps</span> <span class='ocrx_word' id='word_1_151' title='bbox 1060 2429 1125 2467; x_wconf 86' lang='lat' dir='ltr'>se</span> <span class='ocrx_word' id='word_1_152' title='bbox 1178 2410 1410 2486; x_wconf 86' lang='lat' dir='ltr'>scripsit</span> <span class='ocrx_word' id='word_1_153' title='bbox 1441 2410 1782 2481; x_wconf 63' lang='lat' dir='ltr'>dicturum,</span> 
     </span>
     <span class='ocr_line' id='line_1_24' title="bbox 203 2505 1788 2584; baseline 0.001 -22"><span class='ocrx_word' id='word_1_154' title='bbox 203 2523 317 2562; x_wconf 90' lang='lat' dir='ltr'>nec</span> <span class='ocrx_word' id='word_1_155' title='bbox 356 2505 617 2579; x_wconf 83' lang='lat' dir='ltr'>exsolvit,</span> <span class='ocrx_word' id='word_1_156' title='bbox 646 2505 801 2581; x_wconf 91' lang='lat' dir='ltr'>quod</span> <span class='ocrx_word' id='word_1_157' title='bbox 839 2506 1197 2583; x_wconf 88' lang='lat' dir='ltr'>promiserat.</span> <span class='ocrx_word' id='word_1_158' title='bbox 1277 2506 1458 2569; x_wconf 79' lang='lat' dir='ltr'>Quod</span> <span class='ocrx_word' id='word_1_159' title='bbox 1496 2526 1586 2565; x_wconf 91' lang='lat' dir='ltr'>eo·</span> <span class='ocrx_word' id='word_1_160' title='bbox 1604 2508 1788 2584; x_wconf 88' lang='lat' dir='ltr'>magis</span> 
     </span>
     <span class='ocr_line' id='line_1_25' title="bbox 203 2602 1787 2682; baseline 0 -23"><span class='ocrx_word' id='word_1_161' title='bbox 203 2602 401 2675; x_wconf 87' lang='lat' dir='ltr'>miror,</span> <span class='ocrx_word' id='word_1_162' title='bbox 429 2602 566 2679; x_wconf 90' lang='lat' dir='ltr'>quia</span> <span class='ocrx_word' id='word_1_163' title='bbox 604 2602 881 2680; x_wconf 86' lang='lat' dir='ltr'>scriptum</span> <span class='ocrx_word' id='word_1_164' title='bbox 924 2621 959 2661; x_wconf 87' lang='lat' dir='ltr'>a</span> <span class='ocrx_word' id='word_1_165' title='bbox 996 2602 1283 2682; x_wconf 88' lang='lat' dir='ltr'>discipulo</span> <span class='ocrx_word' id='word_1_166' title='bbox 1321 2602 1447 2680; x_wconf 85' lang='lat' dir='ltr'>ejus</span> <span class='ocrx_word' id='word_1_167' title='bbox 1474 2604 1787 2662; x_wconf 90' lang='lat' dir='ltr'>Posidonio</span> 
     </span>
     <span class='ocr_line' id='line_1_26' title="bbox 203 2698 1879 2778; baseline -0.002 -22"><span class='ocrx_word' id='word_1_168' title='bbox 203 2708 311 2771; x_wconf 87' lang='lat' dir='ltr'>est,</span> <span class='ocrx_word' id='word_1_169' title='bbox 340 2699 580 2776; x_wconf 87' lang='lat' dir='ltr'>triginta</span> <span class='ocrx_word' id='word_1_170' title='bbox 608 2699 775 2758; x_wconf 85' lang='lat' dir='ltr'>annis</span> <span class='ocrx_word' id='word_1_171' title='bbox 801 2698 1010 2757; x_wconf 83' lang='lat' dir='ltr'>vixisse</span> <span class='ocrx_word' id='word_1_172' title='bbox 1037 2699 1380 2778; x_wconf 69' lang='lat' dir='ltr'>Panaetium,</span> <span class='ocrx_word' id='word_1_173' title='bbox 1408 2710 1785 2776; x_wconf 85' lang='lat' dir='ltr'>posteaquam</span> <span class='ocrx_word' id='word_1_174' title='bbox 1815 2703 1879 2751; x_wconf 74' lang='lat'>25</span> 
     </span>
     <span class='ocr_line' id='line_1_27' title="bbox 202 2789 1787 2859; baseline -0.002 -5"><span class='ocrx_word' id='word_1_175' title='bbox 202 2814 306 2854; x_wconf 86' lang='lat' dir='ltr'>eos</span> <span class='ocrx_word' id='word_1_176' title='bbox 332 2796 512 2854; x_wconf 87' lang='lat' dir='ltr'>libros</span> <span class='ocrx_word' id='word_1_177' title='bbox 539 2796 831 2854; x_wconf 88' lang='lat' dir='ltr'>edidisset.</span> <span class='ocrx_word' id='word_1_178' title='bbox 912 2796 1114 2859; x_wconf 80' lang='lat' dir='ltr'>Quem</span> <span class='ocrx_word' id='word_1_179' title='bbox 1140 2798 1335 2856; x_wconf 90' lang='lat' dir='ltr'>locum</span> <span class='ocrx_word' id='word_1_180' title='bbox 1362 2796 1539 2853; x_wconf 89' lang='lat' dir='ltr'>miror</span> <span class='ocrx_word' id='word_1_181' title='bbox 1568 2815 1602 2854; x_wconf 92' lang='lat' dir='ltr'>a</span> <span class='ocrx_word' id='word_1_182' title='bbox 1627 2789 1787 2852; x_wconf 88' lang='lat' dir='ltr'>Posi-</span> 
     </span>
     <span class='ocr_line' id='line_1_28' title="bbox 202 2891 1787 2969; baseline -0.001 -19"><span class='ocrx_word' id='word_1_183' title='bbox 202 2891 384 2964; x_wconf 73' lang='lat' dir='ltr'>donip</span> <span class='ocrx_word' id='word_1_184' title='bbox 423 2892 672 2951; x_wconf 79' lang='lat' dir='ltr'>breviter</span> <span class='ocrx_word' id='word_1_185' title='bbox 710 2910 839 2951; x_wconf 81' lang='lat' dir='ltr'>esse</span> <span class='ocrx_word' id='word_1_186' title='bbox 875 2902 1096 2952; x_wconf 87' lang='lat' dir='ltr'>tactum</span> <span class='ocrx_word' id='word_1_187' title='bbox 1138 2893 1204 2951; x_wconf 93' lang='lat' dir='ltr'>in</span> <span class='ocrx_word' id='word_1_188' title='bbox 1239 2891 1581 2969; x_wconf 85' lang='lat' dir='ltr'>quibusdam</span> <span class='ocrx_word' id='word_1_189' title='bbox 1628 2908 1787 2949; x_wconf 87' lang='lat' dir='ltr'>com·</span> 
     </span>
    </p>
   </div>
  </div>
 </body>
</html>
