<?xml version="1.0" encoding="UTF-8"?>
<!DOCTYPE html PUBLIC "-//W3C//DTD XHTML 1.0 Transitional//EN"
    "http://www.w3.org/TR/xhtml1/DTD/xhtml1-transitional.dtd">
<html xmlns="http://www.w3.org/1999/xhtml" xml:lang="en" lang="en">
 <head>
  <title>
</title>
<meta http-equiv="Content-Type" content="text/html;charset=utf-8" />
  <meta name='ocr-system' content='tesseract 3.04.00' />
  <meta name='ocr-capabilities' content='ocr_page ocr_carea ocr_par ocr_line ocrx_word'/>
</head>
<body>
  <div class='ocr_page' id='page_1' title='image "./mtciceronisdeof05cicegoog/mtciceronisdeof05cicegoog_0097.png"; bbox 0 0 2192 3517; ppageno 0'>
   <div class='ocr_carea' id='block_1_1' title="bbox 170 197 1848 300">
    <p class='ocr_par' dir='ltr' id='par_1_1' title="bbox 170 197 1848 300">
     <span class='ocr_line' id='line_1_1' title="bbox 170 197 1848 300; baseline 0.004 -30"><span class='ocrx_word' id='word_1_1' title='bbox 170 223 340 285; x_wconf 85' lang='lat'>1..11.]</span> <span class='ocrx_word' id='word_1_2' title='bbox 753 225 840 274; x_wconf 74' lang='lat' dir='ltr'><strong>nn</strong></span> <span class='ocrx_word' id='word_1_3' title='bbox 877 197 1168 273; x_wconf 77' lang='lat' dir='ltr'><strong>ochns.</strong></span> <span class='ocrx_word' id='word_1_4' title='bbox 1773 217 1848 300; x_wconf 71' lang='lat'><strong>91</strong></span> 
     </span>
    </p>
   </div>
   <div class='ocr_carea' id='block_1_2' title="bbox 168 374 1918 2202">
    <p class='ocr_par' dir='ltr' id='par_1_2' title="bbox 168 374 1918 1421">
     <span class='ocr_line' id='line_1_2' title="bbox 171 374 1757 455; baseline 0.003 -23"><span class='ocrx_word' id='word_1_5' title='bbox 171 374 457 447; x_wconf 68' lang='lat' dir='ltr'><strong>invisum}</strong></span> <span class='ocrx_word' id='word_1_6' title='bbox 503 375 913 455; x_wconf 71' lang='lat' dir='ltr'><strong>mirenturque,</strong></span> <span class='ocrx_word' id='word_1_7' title='bbox 954 377 1017 436; x_wconf 90' lang='lat' dir='ltr'><strong>in</strong></span> <span class='ocrx_word' id='word_1_8' title='bbox 1057 377 1131 434; x_wconf 62' lang='lat' dir='ltr'><strong>ea</strong></span> <span class='ocrx_word' id='word_1_9' title='bbox 1170 385 1395 435; x_wconf 80' lang='lat' dir='ltr'><strong>tantum</strong></span> <span class='ocrx_word' id='word_1_10' title='bbox 1434 395 1528 435; x_wconf 82' lang='lat' dir='ltr'><strong>me</strong></span> <span class='ocrx_word' id='word_1_11' title='bbox 1566 393 1757 454; x_wconf 67' lang='lat' dir='ltr'><strong>operm</strong></span> 
     </span>
     <span class='ocr_line' id='line_1_3' title="bbox 169 473 1758 551; baseline 0.002 -22"><span class='ocrx_word' id='word_1_12' title='bbox 169 481 234 531; x_wconf 87' lang='lat' dir='ltr'><strong>et</strong></span> <span class='ocrx_word' id='word_1_13' title='bbox 272 473 549 551; x_wconf 84' lang='lat' dir='ltr'><strong>temporis</strong></span> <span class='ocrx_word' id='word_1_14' title='bbox 586 492 822 550; x_wconf 90' lang='lat' dir='ltr'><strong>ponere.</strong></span> <span class='ocrx_word' id='word_1_15' title='bbox 904 473 1036 551; x_wconf 77' lang='lat' dir='ltr'><strong>Eg‘o</strong></span> <span class='ocrx_word' id='word_1_16' title='bbox 1080 484 1293 547; x_wconf 88' lang='lat' dir='ltr'><strong>autem,</strong></span> <span class='ocrx_word' id='word_1_17' title='bbox 1332 474 1607 551; x_wconf 86' lang='lat' dir='ltr'>quamdiu</span> <span class='ocrx_word' id='word_1_18' title='bbox 1640 493 1758 533; x_wconf 86' lang='lat' dir='ltr'><strong>res-</strong></span> 
     </span>
     <span class='ocr_line' id='line_1_4' title="bbox 168 570 1759 653; baseline 0.001 -26"><span class='ocrx_word' id='word_1_19' title='bbox 168 570 414 647; x_wconf 81' lang='lat' dir='ltr'><strong>publica</strong></span> <span class='ocrx_word' id='word_1_20' title='bbox 457 589 559 647; x_wconf 91' lang='lat' dir='ltr'><strong>per</strong></span> <span class='ocrx_word' id='word_1_21' title='bbox 599 589 701 628; x_wconf 88' lang='lat' dir='ltr'><strong>eos</strong></span> <span class='ocrx_word' id='word_1_22' title='bbox 742 571 1049 653; x_wconf 82' lang='lat' dir='ltr'><strong>gerebatur</strong></span> <span class='ocrx_word' id='word_1_23' title='bbox 1088 571 1299 647; x_wconf 89' lang='lat' dir='ltr'><strong>quibus</strong></span> <span class='ocrx_word' id='word_1_24' title='bbox 1338 589 1401 628; x_wconf 90' lang='lat' dir='ltr'><strong>se</strong></span> <span class='ocrx_word' id='word_1_25' title='bbox 1441 571 1566 648; x_wconf 85' lang='lat' dir='ltr'><strong>ipsa</strong></span> <span class='ocrx_word' id='word_1_26' title='bbox 1604 590 1759 632; x_wconf 85' lang='lat' dir='ltr'><strong>com-</strong></span> 
     </span>
     <span class='ocr_line' id='line_1_5' title="bbox 171 651 1757 745; baseline 0.002 -22"><span class='ocrx_word' id='word_1_27' title='bbox 171 666 432 739; x_wconf 77' lang='lat' dir='ltr'><strong>miserat,</strong></span> <span class='ocrx_word' id='word_1_28' title='bbox 475 670 676 725; x_wconf 85' lang='lat' dir='ltr'><strong>omnes</strong></span> <span class='ocrx_word' id='word_1_29' title='bbox 730 687 888 726; x_wconf 88' lang='lat' dir='ltr'><strong>meas</strong></span> <span class='ocrx_word' id='word_1_30' title='bbox 942 687 1114 726; x_wconf 86' lang='lat' dir='ltr'><strong>curas</strong></span> <span class='ocrx_word' id='word_1_31' title='bbox 1162 651 1656 745; x_wconf 85' lang='lat' dir='ltr'><strong>cogitationesque</strong></span> <span class='ocrx_word' id='word_1_32' title='bbox 1695 668 1757 726; x_wconf 88' lang='lat' dir='ltr'><strong>in</strong></span> 
     </span>
     <span class='ocr_line' id='line_1_6' title="bbox 171 764 1918 842; baseline -0.001 -21"><span class='ocrx_word' id='word_1_33' title='bbox 171 782 306 822; x_wconf 86' lang='lat' dir='ltr'><strong>eam</strong></span> <span class='ocrx_word' id='word_1_34' title='bbox 355 764 757 822; x_wconf 84' lang='lat' dir='ltr'><strong>conferebam:</strong></span> <span class='ocrx_word' id='word_1_35' title='bbox 820 783 954 823; x_wconf 91' lang='lat' dir='ltr'><strong>cum</strong></span> <span class='ocrx_word' id='word_1_36' title='bbox 1004 774 1195 823; x_wconf 83' lang='lat' dir='ltr'><strong>autem</strong></span> <span class='ocrx_word' id='word_1_37' title='bbox 1242 764 1539 822; x_wconf 88' lang='lat' dir='ltr'><strong>dominatu</strong></span> <span class='ocrx_word' id='word_1_38' title='bbox 1587 765 1758 823; x_wconf 89' lang='lat' dir='ltr'><strong>unius</strong></span> <span class='ocrx_word' id='word_1_39' title='bbox 1788 772 1823 820; x_wconf 88' lang='lat'>5</span> <span class='ocrx_word' id='word_1_40' title='bbox 1910 837 1918 842; x_wconf 18' lang='grc' dir='ltr'><strong>ἱ</strong></span> 
     </span>
     <span class='ocr_line' id='line_1_7' title="bbox 169 859 1761 938; baseline 0.001 -18"><span class='ocrx_word' id='word_1_41' title='bbox 169 861 373 920; x_wconf 87' lang='lat' dir='ltr'><strong>omnia</strong></span> <span class='ocrx_word' id='word_1_42' title='bbox 408 871 764 934; x_wconf 87' lang='lat' dir='ltr'><strong>tenerentur,</strong></span> <span class='ocrx_word' id='word_1_43' title='bbox 805 880 992 938; x_wconf 86' lang='lat' dir='ltr'><strong>neque</strong></span> <span class='ocrx_word' id='word_1_44' title='bbox 1039 871 1194 919; x_wconf 84' lang='lat' dir='ltr'><strong>esset</strong></span> <span class='ocrx_word' id='word_1_45' title='bbox 1232 879 1474 938; x_wconf 86' lang='lat' dir='ltr'><strong>usquam</strong></span> <span class='ocrx_word' id='word_1_46' title='bbox 1515 859 1761 924; x_wconf 86' lang='lat' dir='ltr'><strong>consilio</strong></span> 
     </span>
     <span class='ocr_line' id='line_1_8' title="bbox 172 958 1759 1039; baseline 0.001 -23"><span class='ocrx_word' id='word_1_47' title='bbox 172 968 277 1018; x_wconf 74' lang='lat' dir='ltr'><strong>aut</strong></span> <span class='ocrx_word' id='word_1_48' title='bbox 310 958 661 1039; x_wconf 21' lang='lat' dir='ltr'><strong>‘auctoritati</strong></span> <span class='ocrx_word' id='word_1_49' title='bbox 713 959 910 1030; x_wconf 81' lang='lat' dir='ltr'><strong>locus3</strong></span> <span class='ocrx_word' id='word_1_50' title='bbox 986 960 1176 1017; x_wconf 86' lang='lat' dir='ltr'><strong>socios</strong></span> <span class='ocrx_word' id='word_1_51' title='bbox 1228 959 1478 1034; x_wconf 88' lang='lat' dir='ltr'><strong>denique</strong></span> <span class='ocrx_word' id='word_1_52' title='bbox 1530 958 1759 1017; x_wconf 82' lang='lat' dir='ltr'><strong>tuendae</strong></span> 
     </span>
     <span class='ocr_line' id='line_1_9' title="bbox 171 1055 1759 1136; baseline 0 -24"><span class='ocrx_word' id='word_1_53' title='bbox 171 1055 542 1136; x_wconf 78' lang='lat' dir='ltr'><strong>reipublicae,</strong></span> <span class='ocrx_word' id='word_1_54' title='bbox 575 1074 831 1112; x_wconf 88' lang='lat' dir='ltr'><strong>summos</strong></span> <span class='ocrx_word' id='word_1_55' title='bbox 876 1055 1049 1128; x_wconf 74' lang='lat' dir='ltr'><strong>vitoe,</strong></span> <span class='ocrx_word' id='word_1_56' title='bbox 1093 1055 1444 1136; x_wconf 74' lang='lat' dir='ltr'><strong>amisissem3</strong></span> <span class='ocrx_word' id='word_1_57' title='bbox 1498 1074 1612 1116; x_wconf 84' lang='lat' dir='ltr'><strong>nec</strong></span> <span class='ocrx_word' id='word_1_58' title='bbox 1664 1073 1759 1113; x_wconf 88' lang='lat' dir='ltr'><strong>me</strong></span> 
     </span>
     <span class='ocr_line' id='line_1_10' title="bbox 172 1150 1757 1228; baseline 0.001 -20"><span class='ocrx_word' id='word_1_59' title='bbox 172 1151 497 1228; x_wconf 80' lang='lat' dir='ltr'>angoribus</span> <span class='ocrx_word' id='word_1_60' title='bbox 542 1151 760 1223; x_wconf 88' lang='lat' dir='ltr'><strong>dedidi,</strong></span> <span class='ocrx_word' id='word_1_61' title='bbox 803 1150 1013 1227; x_wconf 86' lang='lat' dir='ltr'><strong>quibus</strong></span> <span class='ocrx_word' id='word_1_62' title='bbox 1046 1159 1241 1210; x_wconf 71' lang='lat' dir='ltr'><strong>&#39;essem</strong></span> <span class='ocrx_word' id='word_1_63' title='bbox 1279 1152 1603 1225; x_wconf 83' lang='lat' dir='ltr'><strong>confectus,</strong></span> <span class='ocrx_word' id='word_1_64' title='bbox 1638 1152 1757 1210; x_wconf 87' lang='lat' dir='ltr'><strong>nisi</strong></span> 
     </span>
     <span class='ocr_line' id='line_1_11' title="bbox 174 1246 1854 1327; baseline 0.002 -23"><span class='ocrx_word' id='word_1_65' title='bbox 174 1246 251 1305; x_wconf 88' lang='lat' dir='ltr'><strong>iis</strong></span> <span class='ocrx_word' id='word_1_66' title='bbox 316 1247 688 1319; x_wconf 84' lang='lat' dir='ltr'><strong>restitissem3</strong></span> <span class='ocrx_word' id='word_1_67' title='bbox 756 1265 870 1307; x_wconf 89' lang='lat' dir='ltr'><strong>nec</strong></span> <span class='ocrx_word' id='word_1_68' title='bbox 922 1255 1151 1307; x_wconf 85' lang='lat' dir='ltr'><strong>rursum</strong></span> <span class='ocrx_word' id='word_1_69' title='bbox 1213 1248 1470 1327; x_wconf 86' lang='lat' dir='ltr'><strong>indignis</strong></span> <span class='ocrx_word' id='word_1_70' title='bbox 1522 1249 1758 1307; x_wconf 86' lang='lat' dir='ltr'><strong>homine</strong></span> <span class='ocrx_word' id='word_1_71' title='bbox 1793 1259 1854 1309; x_wconf 88' lang='grc'><strong>10</strong></span> 
     </span>
     <span class='ocr_line' id='line_1_12' title="bbox 175 1343 779 1421; baseline 0.003 -20"><span class='ocrx_word' id='word_1_72' title='bbox 175 1343 351 1403; x_wconf 89' lang='lat' dir='ltr'><strong>docto</strong></span> <span class='ocrx_word' id='word_1_73' title='bbox 380 1344 779 1421; x_wconf 58' lang='lat' dir='ltr'><strong>voluptatibus</strong></span> 
     </span>
    </p>

    <p class='ocr_par' dir='ltr' id='par_1_3' title="bbox 173 1440 1855 2202">
     <span class='ocr_line' id='line_1_13' title="bbox 256 1440 1760 1520; baseline 0.002 -23"><span class='ocrx_word' id='word_1_74' title='bbox 256 1440 455 1516; x_wconf 83' lang='lat' dir='ltr'><strong>Atque</strong></span> <span class='ocrx_word' id='word_1_75' title='bbox 494 1441 713 1499; x_wconf 77' lang='lat' dir='ltr'><strong>utinam</strong></span> <span class='ocrx_word' id='word_1_76' title='bbox 754 1441 1081 1519; x_wconf 75' lang='lat' dir='ltr'><strong>respublica</strong></span> <span class='ocrx_word' id='word_1_77' title='bbox 1119 1442 1389 1514; x_wconf 75' lang='lat' dir='ltr'><strong>stetisset,</strong></span> <span class='ocrx_word' id='word_1_78' title='bbox 1418 1460 1535 1518; x_wconf 88' lang='lat' dir='ltr'><strong>quo</strong></span> <span class='ocrx_word' id='word_1_79' title='bbox 1572 1461 1760 1520; x_wconf 79' lang='lat' dir='ltr'><strong>coepe-</strong></span> 
     </span>
     <span class='ocr_line' id='line_1_14' title="bbox 173 1539 1757 1612; baseline 0.001 -16"><span class='ocrx_word' id='word_1_80' title='bbox 173 1549 286 1610; x_wconf 87' lang='lat' dir='ltr'><strong>rat,</strong></span> <span class='ocrx_word' id='word_1_81' title='bbox 315 1547 487 1611; x_wconf 70' lang='lat' dir='ltr'><strong>statu,</strong></span> <span class='ocrx_word' id='word_1_82' title='bbox 517 1557 626 1597; x_wconf 86' lang='lat' dir='ltr'><strong>nec</strong></span> <span class='ocrx_word' id='word_1_83' title='bbox 666 1539 728 1597; x_wconf 91' lang='lat' dir='ltr'><strong>in</strong></span> <span class='ocrx_word' id='word_1_84' title='bbox 768 1539 1052 1612; x_wconf 88' lang='lat' dir='ltr'><strong>homines,</strong></span> <span class='ocrx_word' id='word_1_85' title='bbox 1080 1557 1202 1597; x_wconf 88' lang='lat' dir='ltr'><strong>non</strong></span> <span class='ocrx_word' id='word_1_86' title='bbox 1241 1549 1360 1597; x_wconf 84' lang='lat' dir='ltr'><strong>tam</strong></span> <span class='ocrx_word' id='word_1_87' title='bbox 1400 1550 1757 1598; x_wconf 82' lang='lat' dir='ltr'><strong>commutan-</strong></span> 
     </span>
     <span class='ocr_line' id='line_1_15' title="bbox 175 1635 1759 1718; baseline -0.001 -24"><span class='ocrx_word' id='word_1_88' title='bbox 175 1635 381 1694; x_wconf 85' lang='lat' dir='ltr'><strong>darum</strong></span> <span class='ocrx_word' id='word_1_89' title='bbox 423 1654 633 1707; x_wconf 89' lang='lat' dir='ltr'><strong>rerum,</strong></span> <span class='ocrx_word' id='word_1_90' title='bbox 673 1655 873 1718; x_wconf 23' lang='lat' dir='ltr'><strong>quam*</strong></span> <span class='ocrx_word' id='word_1_91' title='bbox 893 1636 1337 1696; x_wconf 83' lang='lat' dir='ltr'><strong>evertendarum-</strong></span> <span class='ocrx_word' id='word_1_92' title='bbox 1372 1636 1629 1713; x_wconf 83' lang='lat' dir='ltr'><strong>cupidos,</strong></span> <span class='ocrx_word' id='word_1_93' title='bbox 1673 1637 1759 1694; x_wconf 87' lang='lat' dir='ltr'><strong>in-</strong></span> 
     </span>
     <span class='ocr_line' id='line_1_16' title="bbox 174 1719 1855 1808; baseline 0.001 -17"><span class='ocrx_word' id='word_1_94' title='bbox 174 1732 448 1791; x_wconf 85' lang='lat' dir='ltr'><strong>cidisset!</strong></span> <span class='ocrx_word' id='word_1_95' title='bbox 557 1732 815 1791; x_wconf 85' lang='lat' dir='ltr'><strong>Primum</strong></span> <span class='ocrx_word' id='word_1_96' title='bbox 868 1733 1045 1805; x_wconf 88' lang='lat' dir='ltr'><strong>enim,</strong></span> <span class='ocrx_word' id='word_1_97' title='bbox 1101 1743 1167 1790; x_wconf 92' lang='lat' dir='ltr'><strong>ut</strong></span> <span class='ocrx_word' id='word_1_98' title='bbox 1220 1742 1407 1790; x_wconf 85' lang='lat' dir='ltr'><strong>stante</strong></span> <span class='ocrx_word' id='word_1_99' title='bbox 1460 1719 1758 1808; x_wconf 70' lang='lat' dir='ltr'><strong>republica</strong></span> <span class='ocrx_word' id='word_1_100' title='bbox 1793 1744 1855 1793; x_wconf 90' lang='lat'><strong>15</strong></span> 
     </span>
     <span class='ocr_line' id='line_1_17' title="bbox 176 1828 1760 1907; baseline -0.002 -19"><span class='ocrx_word' id='word_1_101' title='bbox 176 1830 373 1889; x_wconf 81' lang='lat' dir='ltr'><strong>facere</strong></span> <span class='ocrx_word' id='word_1_102' title='bbox 439 1830 785 1903; x_wconf 81' lang='lat' dir='ltr'><strong>solebamus,</strong></span> <span class='ocrx_word' id='word_1_103' title='bbox 839 1830 903 1888; x_wconf 92' lang='lat' dir='ltr'><strong>in</strong></span> <span class='ocrx_word' id='word_1_104' title='bbox 971 1830 1198 1907; x_wconf 83' lang='lat' dir='ltr'><strong>agendo</strong></span> <span class='ocrx_word' id='word_1_105' title='bbox 1265 1829 1414 1904; x_wconf 77' lang='lat' dir='ltr'><strong>pluS,</strong></span> <span class='ocrx_word' id='word_1_106' title='bbox 1468 1847 1640 1903; x_wconf 87' lang='lat' dir='ltr'><strong>quam</strong></span> <span class='ocrx_word' id='word_1_107' title='bbox 1699 1828 1760 1886; x_wconf 89' lang='lat' dir='ltr'><strong>in</strong></span> 
     </span>
     <span class='ocr_line' id='line_1_18' title="bbox 174 1923 1762 2003; baseline -0.001 -20"><span class='ocrx_word' id='word_1_108' title='bbox 174 1926 506 1998; x_wconf 80' lang='lat' dir='ltr'><strong>scribendo,</strong></span> <span class='ocrx_word' id='word_1_109' title='bbox 527 1945 713 2003; x_wconf 81' lang='lat' dir='ltr'><strong>operae</strong></span> <span class='ocrx_word' id='word_1_110' title='bbox 739 1944 1122 2003; x_wconf 79' lang='lat' dir='ltr'><strong>poneremus:</strong></span> <span class='ocrx_word' id='word_1_111' title='bbox 1165 1924 1395 1997; x_wconf 84' lang='lat' dir='ltr'><strong>deinde,</strong></span> <span class='ocrx_word' id='word_1_112' title='bbox 1418 1923 1557 2001; x_wconf 86' lang='lat' dir='ltr'><strong>ipsis</strong></span> <span class='ocrx_word' id='word_1_113' title='bbox 1583 1925 1762 2001; x_wconf 86' lang='lat' dir='ltr'><strong>scrip-</strong></span> 
     </span>
     <span class='ocr_line' id='line_1_19' title="bbox 174 2022 1758 2104; baseline -0.001 -21"><span class='ocrx_word' id='word_1_114' title='bbox 174 2025 253 2083; x_wconf 87' lang='lat' dir='ltr'><strong>tis</strong></span> <span class='ocrx_word' id='word_1_115' title='bbox 307 2042 426 2081; x_wconf 89' lang='lat' dir='ltr'><strong>non</strong></span> <span class='ocrx_word' id='word_1_116' title='bbox 480 2042 552 2081; x_wconf 88' lang='lat' dir='ltr'><strong>ea</strong></span> <span class='ocrx_word' id='word_1_117' title='bbox 603 2043 729 2104; x_wconf 78' lang='lat' dir='ltr'><strong>quoe</strong></span> <span class='ocrx_word' id='word_1_118' title='bbox 781 2041 963 2097; x_wconf 88' lang='lat' dir='ltr'><strong>nunc,</strong></span> <span class='ocrx_word' id='word_1_119' title='bbox 1017 2022 1122 2081; x_wconf 84' lang='lat' dir='ltr'><strong>sed</strong></span> <span class='ocrx_word' id='word_1_120' title='bbox 1187 2022 1448 2081; x_wconf 84' lang='lat' dir='ltr'><strong>actiones</strong></span> <span class='ocrx_word' id='word_1_121' title='bbox 1514 2034 1758 2096; x_wconf 75' lang='lat' dir='ltr'><strong>nostras,</strong></span> 
     </span>
     <span class='ocr_line' id='line_1_20' title="bbox 175 2119 1758 2202; baseline -0.001 -23"><span class='ocrx_word' id='word_1_122' title='bbox 175 2120 603 2193; x_wconf 79' lang='lat' dir='ltr'><strong>mandaremus,</strong></span> <span class='ocrx_word' id='word_1_123' title='bbox 648 2130 723 2179; x_wconf 72' lang='lat' dir='ltr'><strong>nt</strong></span> <span class='ocrx_word' id='word_1_124' title='bbox 774 2139 925 2202; x_wconf 83' lang='lat' dir='ltr'><strong>saepe</strong></span> <span class='ocrx_word' id='word_1_125' title='bbox 978 2119 1241 2178; x_wconf 79' lang='lat' dir='ltr'><strong>fecimus,</strong></span> <span class='ocrx_word' id='word_1_126' title='bbox 1351 2120 1503 2178; x_wconf 84' lang='lat' dir='ltr'><strong>Cum</strong></span> <span class='ocrx_word' id='word_1_127' title='bbox 1568 2131 1758 2178; x_wconf 87' lang='lat' dir='ltr'><strong>autem</strong></span> 
     </span>
    </p>
   </div>
   <div class='ocr_carea' id='block_1_3' title="bbox 174 2217 1931 2294">
    <p class='ocr_par' dir='ltr' id='par_1_4' title="bbox 174 2217 1931 2294">
     <span class='ocr_line' id='line_1_21' title="bbox 174 2217 1931 2294; baseline 0.001 -18"><span class='ocrx_word' id='word_1_128' title='bbox 174 2217 523 2293; x_wconf 77' lang='lat' dir='ltr'><strong>respublica,</strong></span> <span class='ocrx_word' id='word_1_129' title='bbox 566 2217 627 2274; x_wconf 88' lang='lat' dir='ltr'><strong>in</strong></span> <span class='ocrx_word' id='word_1_130' title='bbox 665 2217 779 2292; x_wconf 66' lang='lat' dir='ltr'><strong>qua</strong></span> <span class='ocrx_word' id='word_1_131' title='bbox 831 2217 1022 2275; x_wconf 84' lang='lat' dir='ltr'><strong>omnis</strong></span> <span class='ocrx_word' id='word_1_132' title='bbox 1074 2236 1209 2276; x_wconf 88' lang='lat' dir='ltr'><strong>mea</strong></span> <span class='ocrx_word' id='word_1_133' title='bbox 1260 2233 1422 2288; x_wconf 82' lang='lat' dir='ltr'><strong>cura,</strong></span> <span class='ocrx_word' id='word_1_134' title='bbox 1463 2218 1757 2294; x_wconf 83' lang='lat' dir='ltr'><strong>cogitatio,</strong></span> <span class='ocrx_word' id='word_1_135' title='bbox 1789 2225 1853 2277; x_wconf 76' lang='lat'><strong>20</strong></span> <span class='ocrx_word' id='word_1_136' title='bbox 1928 2254 1931 2257; x_wconf 76' lang='grc'><em>·</em></span> 
     </span>
    </p>
   </div>
   <div class='ocr_carea' id='block_1_4' title="bbox 171 2313 1882 3072">
    <p class='ocr_par' dir='ltr' id='par_1_5' title="bbox 171 2313 1882 3072">
     <span class='ocr_line' id='line_1_22' title="bbox 176 2313 1759 2391; baseline -0.002 -18"><span class='ocrx_word' id='word_1_137' title='bbox 176 2333 374 2391; x_wconf 83' lang='lat' dir='ltr'><strong>opera,</strong></span> <span class='ocrx_word' id='word_1_138' title='bbox 427 2314 564 2389; x_wconf 90' lang='lat' dir='ltr'><strong>poni</strong></span> <span class='ocrx_word' id='word_1_139' title='bbox 618 2314 859 2386; x_wconf 86' lang='lat' dir='ltr'><strong>solebat,</strong></span> <span class='ocrx_word' id='word_1_140' title='bbox 914 2313 1095 2371; x_wconf 77' lang='lat' dir='ltr'><strong>nulla·</strong></span> <span class='ocrx_word' id='word_1_141' title='bbox 1127 2324 1281 2371; x_wconf 85' lang='lat' dir='ltr'><strong>esset</strong></span> <span class='ocrx_word' id='word_1_142' title='bbox 1333 2313 1592 2386; x_wconf 86' lang='lat' dir='ltr'><strong>omnino,</strong></span> <span class='ocrx_word' id='word_1_143' title='bbox 1648 2313 1759 2371; x_wconf 76' lang='lat' dir='ltr'><strong>illae</strong></span> 
     </span>
     <span class='ocr_line' id='line_1_23' title="bbox 176 2409 1761 2482; baseline -0.001 -13"><span class='ocrx_word' id='word_1_144' title='bbox 176 2410 406 2470; x_wconf 87' lang='lat' dir='ltr'><strong>scilicet</strong></span> <span class='ocrx_word' id='word_1_145' title='bbox 446 2411 626 2470; x_wconf 78' lang='lat' dir='ltr'><strong>literae</strong></span> <span class='ocrx_word' id='word_1_146' title='bbox 667 2409 1097 2482; x_wconf 68' lang='lat' dir='ltr'><strong>conticuerunt,</strong></span> <span class='ocrx_word' id='word_1_147' title='bbox 1139 2410 1399 2468; x_wconf 84' lang='lat' dir='ltr'><strong>forenses</strong></span> <span class='ocrx_word' id='word_1_148' title='bbox 1438 2420 1497 2468; x_wconf 88' lang='lat' dir='ltr'><strong>et</strong></span> <span class='ocrx_word' id='word_1_149' title='bbox 1537 2426 1761 2469; x_wconf 77' lang='lat' dir='ltr'><strong>senato-</strong></span> 
     </span>
     <span class='ocr_line' id='line_1_24' title="bbox 172 2506 1759 2586; baseline -0.003 -17"><span class='ocrx_word' id='word_1_150' title='bbox 172 2509 298 2570; x_wconf 81' lang='lat' dir='ltr'><strong>riae.</strong></span> <span class='ocrx_word' id='word_1_151' title='bbox 380 2507 546 2566; x_wconf 91' lang='lat' dir='ltr'><strong>Nihil</strong></span> <span class='ocrx_word' id='word_1_152' title='bbox 577 2509 747 2586; x_wconf 84' lang='lat' dir='ltr'><strong>agere</strong></span> <span class='ocrx_word' id='word_1_153' title='bbox 776 2515 967 2566; x_wconf 73' lang='lat' dir='ltr'><strong>autem</strong></span> <span class='ocrx_word' id='word_1_154' title='bbox 989 2526 1124 2565; x_wconf 90' lang='lat' dir='ltr'><strong>cum</strong></span> <span class='ocrx_word' id='word_1_155' title='bbox 1148 2506 1374 2565; x_wconf 85' lang='lat' dir='ltr'><strong>animus</strong></span> <span class='ocrx_word' id='word_1_156' title='bbox 1399 2525 1518 2565; x_wconf 89' lang='lat' dir='ltr'><strong>non</strong></span> <span class='ocrx_word' id='word_1_157' title='bbox 1545 2517 1759 2583; x_wconf 86' lang='lat' dir='ltr'><strong>posset,</strong></span> 
     </span>
     <span class='ocr_line' id='line_1_25' title="bbox 171 2601 1766 2676; baseline -0.002 -13"><span class='ocrx_word' id='word_1_158' title='bbox 171 2606 240 2663; x_wconf 89' lang='lat' dir='ltr'><strong>in</strong></span> <span class='ocrx_word' id='word_1_159' title='bbox 283 2605 375 2662; x_wconf 88' lang='lat' dir='ltr'><strong>his</strong></span> <span class='ocrx_word' id='word_1_160' title='bbox 413 2603 619 2663; x_wconf 89' lang='lat' dir='ltr'><strong>studiis</strong></span> <span class='ocrx_word' id='word_1_161' title='bbox 660 2605 732 2663; x_wconf 85' lang='lat' dir='ltr'><strong>ab</strong></span> <span class='ocrx_word' id='word_1_162' title='bbox 772 2604 943 2663; x_wconf 81' lang='lat' dir='ltr'><strong>initio</strong></span> <span class='ocrx_word' id='word_1_163' title='bbox 984 2614 1244 2662; x_wconf 84' lang='lat' dir='ltr'><strong>versatus</strong></span> <span class='ocrx_word' id='word_1_164' title='bbox 1295 2604 1515 2676; x_wconf 82' lang='lat' dir='ltr'><strong>oetatis;</strong></span> <span class='ocrx_word' id='word_1_165' title='bbox 1570 2601 1766 2663; x_wconf 83' lang='lat' dir='ltr'><strong>existi-</strong></span> 
     </span>
     <span class='ocr_line' id='line_1_26' title="bbox 172 2701 1853 2778; baseline -0.003 -19"><span class='ocrx_word' id='word_1_166' title='bbox 172 2701 353 2774; x_wconf 82' lang='lat' dir='ltr'><strong>mavi,</strong></span> <span class='ocrx_word' id='word_1_167' title='bbox 382 2701 787 2762; x_wconf 82' lang='lat' dir='ltr'><strong>honestissime</strong></span> <span class='ocrx_word' id='word_1_168' title='bbox 813 2701 1108 2762; x_wconf 83' lang='lat' dir='ltr'><strong>molestias</strong></span> <span class='ocrx_word' id='word_1_169' title='bbox 1134 2720 1301 2778; x_wconf 89' lang='lat' dir='ltr'><strong>posse</strong></span> <span class='ocrx_word' id='word_1_170' title='bbox 1329 2701 1561 2776; x_wconf 87' lang='lat' dir='ltr'><strong>deponi,</strong></span> <span class='ocrx_word' id='word_1_171' title='bbox 1590 2701 1640 2758; x_wconf 90' lang='lat' dir='ltr'><strong>si</strong></span> <span class='ocrx_word' id='word_1_172' title='bbox 1666 2719 1760 2757; x_wconf 89' lang='lat' dir='ltr'><strong>me</strong></span> <span class='ocrx_word' id='word_1_173' title='bbox 1790 2704 1853 2752; x_wconf 78' lang='lat'><strong>25</strong></span> 
     </span>
     <span class='ocr_line' id='line_1_27' title="bbox 174 2796 1882 2876; baseline -0.004 -18"><span class='ocrx_word' id='word_1_174' title='bbox 174 2799 255 2858; x_wconf 86' lang='lat' dir='ltr'><strong>ad</strong></span> <span class='ocrx_word' id='word_1_175' title='bbox 292 2798 715 2876; x_wconf 83' lang='lat' dir='ltr'><strong>philosophiam</strong></span> <span class='ocrx_word' id='word_1_176' title='bbox 754 2799 1097 2856; x_wconf 68' lang='lat' dir='ltr'><strong>retulissem.</strong></span> <span class='ocrx_word' id='word_1_177' title='bbox 1180 2797 1294 2856; x_wconf 82' lang='lat' dir='ltr'><strong>cui</strong></span> <span class='ocrx_word' id='word_1_178' title='bbox 1335 2813 1471 2855; x_wconf 90' lang='lat' dir='ltr'><strong>cum</strong></span> <span class='ocrx_word' id='word_1_179' title='bbox 1518 2796 1794 2854; x_wconf 58' lang='lat' dir='ltr'><strong>multum&#39;</strong></span> <span class='ocrx_word' id='word_1_180' title='bbox 1879 2829 1882 2834; x_wconf 44' lang='lat'><strong>⁴</strong></span> 
     </span>
     <span class='ocr_line' id='line_1_28' title="bbox 172 2883 1759 2969; baseline -0.004 -15"><span class='ocrx_word' id='word_1_181' title='bbox 172 2883 542 2967; x_wconf 76' lang='lat' dir='ltr'><strong>adolescens,</strong></span> <span class='ocrx_word' id='word_1_182' title='bbox 571 2894 833 2956; x_wconf 77' lang='lat' dir='ltr'><strong>discendi</strong></span> <span class='ocrx_word' id='word_1_183' title='bbox 861 2896 1058 2966; x_wconf 65' lang='lat' dir='ltr'><strong>causa,</strong></span> <span class='ocrx_word' id='word_1_184' title='bbox 1086 2895 1364 2969; x_wconf 86' lang='lat' dir='ltr'><strong>temporis</strong></span> <span class='ocrx_word' id='word_1_185' title='bbox 1399 2892 1727 2950; x_wconf 81' lang='lat' dir='ltr'><strong>tribuissem</strong></span> <span class='ocrx_word' id='word_1_186' title='bbox 1743 2912 1759 2961; x_wconf 82' lang='lat'>3</span> 
     </span>
     <span class='ocr_line' id='line_1_29' title="bbox 171 2987 1762 3072; baseline -0.004 -20"><span class='ocrx_word' id='word_1_187' title='bbox 171 3003 381 3072; x_wconf 80' lang='lat' dir='ltr'><strong>postea</strong></span> <span class='ocrx_word' id='word_1_188' title='bbox 419 3010 591 3069; x_wconf 82' lang='lat' dir='ltr'><strong>quam</strong></span> <span class='ocrx_word' id='word_1_189' title='bbox 644 2991 960 3050; x_wconf 81' lang='lat' dir='ltr'><strong>honoribus</strong></span> <span class='ocrx_word' id='word_1_190' title='bbox 1012 2990 1290 3048; x_wconf 86' lang='lat' dir='ltr'><strong>inservire</strong></span> <span class='ocrx_word' id='word_1_191' title='bbox 1343 2987 1514 3065; x_wconf 88' lang='lat' dir='ltr'><strong>coepi,</strong></span> <span class='ocrx_word' id='word_1_192' title='bbox 1556 3005 1762 3063; x_wconf 86' lang='lat' dir='ltr'><strong>meque</strong></span> 
     </span>
    </p>
   </div>
  </div>
 </body>
</html>
