2192 3517
367 171 479 231 170
1028 177 1115 225 nn
1158 177 1449 225 omens.
1841 176 1918 237 [u
1936 177 2015 224 m.

451 328 721 386 malitiosi
772 338 923 386 sunt.
1032 326 1277 424 Nullum
1328 328 1502 405 igitur
1557 325 1798 386 factum'
1825 346 2016 385 eorum

449 434 639 501 potest
678 424 823 482 utile
860 444 1006 496 esse,
1037 443 1171 482 cum
1212 424 1285 482 sit
1324 434 1411 482 tot
1449 424 1604 482 vitiis
1644 424 2015 500 inquinatum.

530 616 664 675 XV.
705 618 883 680 Quod
913 618 961 676 si
988 617 1324 693 Aquilliana
1363 616 1623 678 definitio
1659 635 1795 676 vera
1820 628 1926 689 est,
1952 636 2017 676 ex

450 714 612 774 omni
639 714 756 776 vita
782 714 1072 780 simulatio
1112 714 1601 789 dissimulatioque
1639 713 1896 788 tollenda
1920 725 2015 773 est.

392 817 425 865 5
452 809 546 869 Ita
582 830 713 883 nec,
753 821 819 869 ut
857 821 1009 869 emat
1051 809 1277 882 melius,
1318 827 1449 881 nec,
1491 820 1555 868 ut
1593 809 1825 882 vendat,
1867 811 2021 887 quid-

418 957 426 966 ,
454 927 624 983 quam
664 907 954 967 simulabit
993 916 1091 964 aut
1119 906 1500 964 dissimulabit
1525 907 1611 966 vir
1638 907 1839 964 bonus.
1923 907 2020 966 At-

451 1023 563 1081 que
580 997 591 1008 ¹
604 1004 713 1061 iste
751 1004 917 1064 dolus
954 1003 1142 1062 malus
1183 1003 1358 1060 etiam
1403 1002 1630 1080 legibus
1681 1013 1805 1061 erat
1845 1003 2023 1062 vindi·

455 1110 637 1171 catus,
680 1109 745 1157 ut
783 1100 964 1158 tutela
1015 1098 1139 1157 XII
1195 1100 1425 1171 tabulis,
1466 1109 1526 1157 et
1564 1099 2023 1177 circumscriptio

456 1196 905 1269 adolescentium
945 1196 1076 1274 lege
1116 1195 1367 1254 Laetori&
1384 1217 1400 1267 ;
1442 1206 1519 1266 et,
1547 1195 1672 1253 sine
1702 1194 1854 1273 lege,
1878 1195 2026 1273 judi-

365 1301 427 1351 10
454 1292 581 1364 ciis,
620 1292 684 1360 in
724 1292 934 1368 quibus
975 1293 1221 1365 additur,
1252 1299 1380 1350 “ex
1418 1292 1532 1350 fide
1573 1293 1781 1351 bouass'
1866 1293 2025 1352 Reli·

453 1408 696 1465 quorum
740 1399 931 1448 autem
981 1389 1334 1467 judiciorum
1388 1390 1514 1448 hoec
1554 1390 1727 1446 verba
1778 1390 2027 1449 maxime

374 1477 378 1482 ’
453 1485 776 1558 excellunt3
808 1555 813 1560 ‚
845 1486 907 1543 in
976 1486 1210 1546 arbitrio
1280 1485 1364 1543 rei
1438 1485 1671 1557 uxoriae,
1744 1492 1781 1521 “
1799 1485 2028 1559 melius,

454 1582 754 1659 aequius:'’
823 1583 884 1641 in
936 1582 1174 1655 fiducia,
1228 1589 1350 1640 “ut
1415 1583 1563 1641 inter
1628 1584 1813 1643 bonos
1878 1581 2029 1642 bene

454 1679 670 1757 agier.''
750 1679 915 1741 Quid
957 1680 1135 1756 ergo?
1178 1687 1274 1737 aut
1315 1678 1375 1736 in
1415 1697 1505 1749 eo,
1547 1677 1700 1753 quod
1742 1684 1781 1711 “
1799 1678 2027 1751 melius,

365 1786 427 1834 15
456 1776 731 1853 aequius‚''
775 1785 963 1853 potest
1003 1763 1122 1836 ulla
1170 1795 1303 1852 pars
1355 1775 1544 1833 inesse
1596 1774 1855 1833 fraudis?
1911 1786 2031 1846 aut,

456 1891 590 1942 cum
637 1872 870 1943 dicitur,
912 1872 1134 1930 “inter
1170 1874 1353 1930 bonos
1406 1873 1553 1929 bene
1608 1871 1823 1948 agier,”
1869 1871 2033 1946 quid·

456 1989 626 2045 quam
669 1970 760 2046 agi
803 1969 1002 2034 dolose
1044 1979 1143 2027 aut
1181 1969 1468 2027 malitiose
1515 1969 1741 2044 potest?
1798 2046 1803 2051 .
1843 1968 2037 2026 Dolus

459 2075 649 2123 autem
689 2065 874 2122 malus
912 2064 1301 2136 simulatione,
1343 2074 1407 2122 ut
1448 2065 1527 2122 ait
1552 2064 1863 2140 Aquinius,
1893 2083 2038 2122 con-

457 2161 687 2219 tinetur.
768 2159 1120 2218 Tollendum
1161 2169 1249 2217 est
1288 2160 1462 2237 igitur
1502 2178 1573 2218 ex
1606 2161 1779 2218 rebus
1807 2169 2041 2218 contra·

366 2268 430 2317 20
458 2256 663 2314 hendis
727 2273 899 2314 omne
965 2255 1351 2314 mendacium.
1471 2255 1531 2314 N
1534 2275 1612 2313 on
1682 2255 2041 2313 licitatorem

458 2351 739 2424 venditor,
794 2370 926 2424 nec,
968 2351 1066 2428 qui
1121 2362 1325 2410 contra
1375 2371 1439 2409 se
1490 2352 1753 2424 necatur,
1808 2364 2042 2429 emptor

461 2458 707 2526 apponet
726 2453 761 2505 t*
806 2458 1068 2524 uterque,
1123 2449 1173 2506 si
1228 2449 1300 2506 ad
1354 2449 1736 2524 eloquendum
1790 2449 2040 2522 venerit,

458 2562 575 2602 non
641 2543 790 2620 plue,
845 2563 1015 2620 quam
1081 2546 1279 2617 semel,
1339 2544 1651 2619 eloquetur.
1768 2544 2045 2612 Quintus

459 2641 688 2719 quidem
733 2641 1013 2712 Scaevola,
1053 2640 1119 2699 P.
1163 2641 1334 2713 filius,
1377 2660 1511 2699 cum
1563 2641 1930 2717 postulasset,
1976 2654 2046 2701 ut

369 2743 433 2793 25
460 2737 569 2796 sibi
623 2737 853 2812 fundus,
901 2738 1068 2813 cujus
1120 2747 1341 2814 emptor
1394 2748 1535 2811 erat,
1585 2738 1762 2795 semel
1816 2738 2047 2797 indicu-

460 2845 635 2906 retur,
663 2834 835 2910 idque
861 2834 1126 2894 venditor
1153 2834 1236 2892 ita
1262 2833 1527 2905 fecissen
1570 2834 1734 2906 dixit,
1762 2854 1825 2892 se
1850 2834 2048 2911 pluris

462 2930 777 2990 aestimare:
842 2930 1075 2998 addidit,
1114 2938 1349 2988 centum
1401 2931 1596 2990 millia.
1677 2930 1873 2989 Nemo
1926 2929 2045 3004 est}
