2192 3517
339 189 452 251 19⁰
1001 202 1090 250 ns
1133 202 1427 251 omens.
1819 202 1903 263 [L.
1923 202 2012 249 ιιι.

430 348 606 422 niam,
647 368 774 425 quae
814 348 1058 409 honesta
1109 370 1228 410 non
1268 352 1363 424 sit,
1405 371 1481 411 ne
1524 351 1723 409 utilem
1776 351 2015 428 quidem

431 465 558 505 esse
626 446 883 505 arbitror.
986 448 1154 511 Quid
1219 449 1376 507 enim
1445 448 1776 506 auditurum
1841 458 2015 523 putas

432 542 609 602 fuisse
668 543 947 621 Ulyssem,
987 545 1038 602 si
1079 545 1141 603 in
1184 546 1283 604 ius
1336 545 1702 603 simulatione
1753 563 2016 621 perseve-

431 639 653 698 rasset'l
693 641 812 717 qui,
851 661 984 700 cum
1025 643 1304 716 maximas
1343 662 1434 701 res
1473 642 1715 721 gesserit
1743 641 1803 699 in
1835 641 2012 713 bello,

365 746 396 795 5
428 745 622 795 tamen
651 736 777 795 haec
807 737 1000 796 audiat
1029 738 1102 796 ab
1130 738 1347 815 Ajace:

601 878 633 908 ‘⁸
651 873 804 942 Cuju’
820 875 933 938 ,ipse
955 875 1187 939 princeps
1201 875 1330 940 juris
1343 874 1548 939 jurandi
1569 875 1682 937 fuit,

650 954 799 1013 Quod
820 970 994 1003 omnes
1018 955 1175 1034 scitis,
1195 956 1333 1004 solus
1354 955 1580 1020 neglexit
1600 955 1765 1004 fldem.

645 1033 832 1083 Furere
853 1034 1193 1094 assimulavit3
1225 1047 1294 1084 ne
1312 1035 1484 1098 coiret,
1506 1036 1702 1084 institit.

646 1113 797 1173 Quod
819 1114 875 1162 ni
896 1114 1178 1164 Palamedis
1199 1116 1460 1180 perspicax
1481 1116 1746 1180 prudentia

335 1202 396 1253 ιο
481 1223 490 1232 -
645 1193 799 1244 Istius
820 1201 1081 1258 percepset
1102 1197 1398 1245 malitiosam
1418 1196 1694 1258 audaciam,

460 1299 465 1304 ·
643 1274 766 1324 Fide
787 1281 1039 1326 sacratum
1051 1292 1139 1340 Jus
1158 1284 1399 1341 perpetuo
1419 1276 1664 1325 falleret.”

425 1408 518 1466 Illi
557 1427 714 1483 vero,
742 1429 860 1470 non
899 1411 1075 1470 modo
1115 1428 1247 1469 cum
1291 1411 1573 1485 hostibus,
1603 1429 1797 1472 verum
1825 1424 2009 1473 etiam

423 1524 559 1566 cum
607 1506 898 1581 fluctibus,
941 1506 1027 1585 (id
1068 1508 1222 1583 quod
1263 1508 1431 1590 fecit)
1475 1509 1753 1584 dimicare
1796 1509 2008 1570 melius

424 1601 551 1680 fuit,
580 1622 750 1680 quam
792 1604 1058 1662 deserere
1101 1605 1558 1664 consentientem
1599 1607 1891 1666 Graeciam
1929 1608 2007 1666 ad

332 1721 394 1771 15
423 1699 637 1760 bellum
686 1700 942 1760 barbaris
989 1700 1371 1779 inferendum.
1474 1701 1594 1760 Sed
1646 1703 2005 1762 dimittamus

423 1805 481 1855 et
509 1796 749 1870 fabulas,
770 1807 829 1856 et
851 1807 1121 1858 externa:
1166 1798 1238 1857 ad
1264 1818 1387 1857 rem
1416 1798 1648 1872 factam,
1671 1810 2003 1877 nostraque,

422 1894 738 1953 veniamus.
845 1893 928 1952 M.
972 1895 1213 1953 Attilius
1267 1894 1553 1974 Regulus,
1596 1915 1751 1969 cum,
1796 1898 2005 1958 consul

423 1991 650 2063 iterum,
681 1991 740 2050 in
783 1990 988 2049 Africa
1026 2011 1101 2049 ex
1141 1991 1368 2050 insidiis
1407 2002 1610 2070 captus
1648 2003 1821 2064 esset,
1851 1994 2006 2053 duce

420 2086 759 2162 Xanthippo
840 2086 1302 2160 Lacedaemonio,
1387 2089 1727 2166 imperatore
1808 2101 2003 2149 autem

324 2196 388 2246 20
418 2191 578 2258 patre
620 2182 987 2255 Hannibalis,
1017 2183 1373 2258 Hamilcare,
1401 2186 1626 2264 juratus
1665 2187 1873 2244 missus
1911 2199 2006 2246 est

421 2277 490 2335 ad
518 2288 801 2351 senatum,
830 2289 913 2352 ut,
940 2280 1055 2339 nisi
1082 2281 1292 2342 redditi
1320 2293 1513 2341 essent
1552 2283 1746 2342 Poenis
1786 2284 2003 2360 captivi

417 2373 641 2431 nobiles
678 2375 934 2451 quidam,
975 2375 1191 2435 rediret
1233 2378 1354 2454 ipse
1395 2379 1826 2457 Carthaginem.
1915 2379 2001 2452 Is,

418 2488 551 2527 cum
580 2468 835 2529 Romam
865 2473 1134 2546 venisset,
1163 2475 1428 2533 utilitatis
1453 2476 1705 2551 speciem
1733 2475 2000 2547 videbun

417 2566 518 2624 sed
558 2586 707 2640 eam,
736 2578 801 2626 ut
840 2588 932 2628 res
972 2570 1249 2644 declarat,
1280 2570 1479 2630 falsam
1513 2572 1825 2649 judicavit:
1868 2593 2003 2650 qum

320 2674 383 2723 25
415 2673 540 2721 erat
579 2663 742 2728 talis:
788 2685 1020 2726 manere
1048 2667 1109 2725 in
1135 2668 1342 2744 patria,
1371 2686 1497 2725 esse
1530 2668 1686 2725 domi
1711 2688 1834 2727 suae
1860 2686 2003 2729 cum

417 2775 609 2833 uxore,
653 2779 786 2819 cum
827 2762 1056 2835 liberis3
1102 2784 1270 2840 quam
1313 2765 1699 2848 calamitatem
1741 2767 2005 2843 accepis-

413 2867 503 2915 set
542 2856 601 2915 in
644 2858 817 2931 belle,
856 2877 1223 2922 communem
1274 2862 1517 2920 sortunae
1574 2862 1797 2920 bellicae
1846 2863 2003 2941 judi-

414 2964 685 3024 cantem,.
716 2965 915 3013 tenere
981 2957 1300 3016 consularis
1367 2958 1666 3037 dignitatis
1730 2960 2005 3036 gradum.-
