2192 3517
183 211 349 271 L.11.]
767 212 857 260 DE
899 211 1193 259 omens.
1754 200 1870 260 105

184 361 353 421 bellis
406 362 854 439 triumpharunt.
958 360 1152 421 Multa
1195 370 1473 438 preterea
1520 378 1776 420 comme-

182 480 476 520 morarem
504 461 729 519 nefaria
768 460 829 519 in
872 459 1087 532 socios,
1117 460 1167 517 si
1209 460 1323 517 hoc
1350 479 1470 518 uno
1495 460 1580 518 sol
1609 459 1773 535 quid-

183 576 361 634 quam
388 558 626 616 vidisset
658 557 971 635 indignius
1055 557 1199 614 Jure
1227 557 1400 635 igitur
1426 557 1769 633 plectimur:

181 656 298 714 nisi
325 656 484 713 enim
511 655 822 713 multorum
851 654 1137 731 impunita
1162 653 1385 712 scelera
1406 653 1772 727 ‚tulissemusg

181 741 484 828 nunquam
528 753 600 811 ad
642 771 824 811 unum
851 763 1015 811 tanta
1038 751 1395 829 pervenisset
1420 751 1691 823 licentia3
1737 772 1772 811 a
1796 758 1831 807 5

183 869 301 926 quo
323 851 556 927 quidem
583 851 669 909 rei
697 850 996 908 familiaris
1022 850 1096 907 ad
1123 865 1362 926 paucOS,
1386 847 1769 926 cupiditatum

184 949 258 1008 ad
285 949 499 1006 multos
527 949 840 1025 improbos,
869 947 1027 1006 venit
1054 948 1375 1006 haereditas.

263 1046 399 1104 Nec
427 1065 843 1122 vero-unquam
874 1046 1157 1114 bellorum
1201 1046 1458 1103 civilium
1486 1064 1682 1104 semen
1712 1055 1770 1104 et

184 1163 364 1203 causa
389 1144 593 1217 deerit,
623 1145 760 1203 dum
804 1144 1072 1202 homines
1112 1144 1321 1220 perditi
1347 1141 1573 1201 hastam
1609 1144 1767 1202 illam

184 1252 485 1300 cruentam
538 1252 598 1301 et
649 1242 1035 1313 meminerint,
1084 1251 1145 1298 et
1190 1241 1532 1318 sperabunt3
1596 1262 1766 1317 quam
1798 1246 1860 1296 1⁰

183 1339 247 1398 P.
280 1340 446 1397 Sulla
472 1359 606 1398 cum
635 1340 934 1411 vibrasset,
964 1339 1245 1397 dictatore
1270 1339 1596 1415 propinquo
1625 1359 1790 1411 suor-

185 1437 359 1509 idem,
382 1446 545 1495 sexto
573 1449 631 1495 et
656 1436 954 1495 tricesimo
984 1455 1137 1493 anno
1162 1447 1311 1513 post,
1336 1453 1370 1495 a
1398 1438 1766 1496 sceleratiore

184 1534 350 1593 hasta
401 1551 520 1592 non
574 1533 831 1591 recessit.
944 1533 1110 1591 Alter
1135 1557 1142 1564 ³
1168 1543 1377 1606 autem,
1420 1534 1517 1610 qui
1561 1533 1632 1592 in*
1666 1536 1767 1593 ina

184 1632 473 1691 dictatura
502 1631 694 1689 scriba
720 1631 925 1703 fuerat,
955 1629 1015 1688 in
1044 1631 1158 1688 hac
1185 1631 1294 1688 fuit
1318 1622 1562 1706 quaestor
1601 1633 1767 1690 urba·

182 1747 311 1787 aus.
415 1728 507 1787 Ex
551 1747 664 1805 quo
713 1729 887 1786 debet
940 1726 1209 1805 intelligi,
1251 1727 1463 1785 talibus
1515 1729 1766 1803 praemiis
1795 1737 1857 1787 15

181 1827 509 1903 propositis,
539 1845 832 1902 nunquam
875 1824 1145 1883 defutura
1181 1823 1337 1883 bella
1363 1824 1571 1883 civilia.
1653 1823 1768 1883 Ita-

183 1907 297 2001 que
338 1923 587 2000 parietes
630 1923 791 1981 urbis
837 1922 1013 1982 mo'do
1039 1931 1193 1982 stant
1218 1931 1278 1980 et
1314 1931 1565 1994 manent,
1610 1922 1768 1997 iique

183 2022 294 2098 ipsi
333 2023 453 2098 jam
497 2018 760 2086 extrema
794 2020 1019 2079 scelera
1061 2029 1417 2081 metuentes:
1475 2039 1597 2078 rem
1623 2039 1768 2079 vero

180 2119 476 2195 publicam
515 2119 749 2196 penitus
792 2117 1107 2190 amisimus,
1151 2128 1322 2194 atque
1350 2118 1409 2175 in
1440 2118 1552 2176 has*
1570 2118 1766 2177 clades

185 2216 517 2289 incidimur„
564 2214 949 2294 (redeundum
979 2227 1067 2272 est
1092 2215 1248 2272 enim
1280 2215 1350 2274 ad
1376 2215 1761 2297 propositum)
1792 2232 1856 2284 20

184 2314 322 2371 dum
368 2314 568 2385 metui,
614 2329 785 2390 quam
829 2312 950 2370 cari
987 2330 1113 2369 esse
1140 2321 1199 2369 et
1227 2311 1410 2388 diligi,
1440 2311 1761 2371 maluimus

181 2409 338 2474 Qum
358 2410 432 2467 ”si
470 2409 684 2486 popule
727 2409 1002 2468 Romano
1040 2408 1252 2484 injuste
1280 2408 1584 2484 imperanti
1614 2411 1742 2468 acci

158 2507 323 2565 ,dere
389 2516 723 2586 potuerunt,
776 2505 913 2581 quid
968 2505 1184 2564 debent
1242 2515 1446 2581 putare
1509 2506 1763 2584 singuli?

181 2604 369 2667 Quod
426 2621 561 2662 cum
612 2604 982 2680 perspicuum
1037 2602 1131 2675 sit,
1180 2603 1593 2661 benevolentiae
1650 2603 1763 2661 vim

184 2719 315 2759 esse
361 2715 652 2779 magnam,
701 2700 891 2759 metfis
937 2699 1319 2771 imbecillam3
1382 2700 1657 2774 sequitur,
1701 2704 1857 2757 ut25

185 2798 557 2870 disseramus,
625 2798 861 2872 quibus·
900 2798 1075 2855 rebus
1138 2796 1426 2873 possimus
1491 2796 1766 2853 facillime

185 2914 339 2968 cam,
388 2914 561 2972 quam
608 2895 890 2969 minimae,
936 2893 1199 2971 adipisci,
1248 2912 1382 2951 cum
1435 2892 1655 2952 honere
1705 2901 1767 2952 et

189 2992 324 3066 fide,
353 2992 671 3058 caritatem.
