2192 3517
187 196 244 243 n
266 195 350 257 14.
793 185 880 235 ΒΕ
919 188 1213 236 omens
1789 175 1878 236 41-
1909 213 1916 222 ,

191 340 255 399 in
281 340 511 417 priore:
553 338 615 398 in
641 356 714 398 eo
742 338 900 398 enim
927 349 1014 397 est
1056 337 1218 411 illud,
1245 337 1398 415 quod
1424 336 1777 396 excellentes

192 436 444 509 animos,
474 446 533 495 et
573 436 825 500 humana
856 444 1315 507 contemnentes,
1345 433 1499 492 facit.
1580 432 1652 491 Id
1681 452 1780 491 au-

190 545 312 591 tem
362 532 551 609 ipsum
595 533 848 592 cernitur
892 532 954 590 in
998 532 1244 598 duobus,
1275 530 1324 590 si
1370 541 1429 588 et
1466 529 1651 588 solum
1695 528 1776 601 id,

190 630 352 705 quod
392 629 696 687 honestum
736 629 1078 701 sit,.bonum
1114 628 1361 704 judiceS,
1389 636 1448 684 et
1473 626 1629 686 omni
1658 625 1778 685 ani·

193 726 275 784 mi
323 726 758 802 perturbatione
809 725 954 783 liber
1008 725 1106 784 sis,
1190 723 1347 782 Nam
1400 733 1460 781 et
1511 742 1604 795 ea,
1648 741 1775 798 quae
1802 727 1840 776 5

194 822 413 880 eximia
450 821 737 898 plerisque
764 832 825 880 et
864 821 1143 899 praeclara
1170 820 1454 896 videntur,
1476 837 1654 895 parva
1676 819 1779 876 du-

193 936 353 991 cere,
382 937 568 994 eaque
596 918 819 976 ratione
847 918 1036 976 stabili
1067 918 1343 992 firmaque
1386 925 1778 987 contemnere,

196 1015 363 1074 fortis
393 1015 571 1076 animi
598 1015 908 1092 magnique
938 1014 1268 1072 ducendum
1291 1023 1378 1070 est
1402 1033 1415 1070 :
1458 1022 1517 1070 et
1542 1030 1632 1083 ea,
1653 1030 1778 1087 quae

198 1112 462 1170 videntur
493 1113 722 1185 acerba,
743 1110 898 1189 (quae
919 1112 1101 1169 multa
1120 1121 1188 1169 et
1205 1111 1364 1168 varia
1391 1110 1449 1168 in
1478 1108 1776 1168 hominum

200 1208 317 1266 rita
361 1208 704 1285 fortunaque
747 1209 1072 1287 versantur)
1113 1207 1195 1265 ita
1241 1208 1409 1279 ferre,
1440 1217 1504 1265 ut
1549 1205 1692 1263 nihil
1745 1223 1779 1263 a
1809 1209 1870 1259 10

194 1315 349 1364 statu
376 1316 597 1363 naturae
626 1304 911 1376 discedas,
934 1304 1079 1362 nihil
1112 1323 1145 1361 a
1171 1304 1450 1381 dignitate
1480 1302 1773 1381 sapientia,

197 1401 422 1460 robusti
452 1401 630 1486 animi
657 1412 764 1473 est,
793 1420 1129 1478 magnaeque
1157 1401 1514 1459 constantiae.

274 1497 415 1558 Non
455 1508 544 1556 est
588 1508 780 1557 autem
821 1508 1294 1569 consentaneum,
1322 1497 1419 1574 qui
1460 1508 1617 1555 metu
1659 1515 1777 1555 non

195 1595 516 1673 frangatur,
546 1614 678 1653 eum
707 1595 895 1673 frangi
925 1594 1272 1671 cupiditate;
1315 1613 1448 1666 nee,
1475 1594 1572 1670 qui
1602 1593 1780 1651 invio-

198 1703 322 1750 tum
362 1711 428 1749 se
473 1711 508 1749 a
548 1692 745 1750 labore
791 1691 1141 1768 praestiterit,
1189 1690 1346 1748 vinei
1395 1709 1429 1748 a
1470 1689 1775 1765 voluptate.
1810 1696 1871 1746 15

194 1788 602 1852 Quamobrem
629 1798 687 1847 et
717 1790 843 1847 haeo
863 1787 1131 1862 videnda,
1150 1796 1209 1844 et
1227 1785 1489 1862 pecunias
1508 1784 1781 1862 fugienda

196 1885 505 1963 cupiditas.
587 1884 753 1944 Nihil
806 1883 963 1944 enim
1009 1893 1102 1942 est
1144 1892 1262 1942 tam
1308 1881 1535 1959 angusti
1580 1879 1779 1951 animi,

196 1992 432 2059 tamque
458 1981 639 2058 parvi,
667 2000 840 2057 quam
884 1998 1074 2039 amare
1103 1978 1330 2037 divitias
1347 1998 1362 2049 ;
1404 1977 1548 2036 nihil
1577 1977 1782 2035 hones·

195 2080 335 2152 tius,
366 2077 967 2158 magnificentiusque,
991 2096 1161 2153 quam
1188 2075 1498 2153 pecuniam
1526 2084 1781 2134 oontem-

197 2194 359 2248 nere,
389 2174 441 2233 si
466 2194 586 2234 non
613 2175 866 2244 habeas3
909 2174 958 2231 si
986 2174 1219 2246 habeas,
1244 2173 1314 2230 ad
1337 2170 1778 2230 beneficentiam
1806 2180 1871 2231 2⁰

197 2270 716 2347 liberalitatemque
773 2270 1056 2329 conferre.
1138 2269 1414 2327 Cavenda
1466 2277 1554 2325 est
1599 2253 1779 2324 'etiam
1828 2319 1834 2328 .

197 2367 401 2445 gloriae
456 2366 762 2444 cupiditas,
820 2382 884 2424 ut
937 2385 1111 2442 supra
1162 2364 1299 2422 dixi.
1382 2363 1571 2440 Eripit
1623 2362 1779 2420 enim

196 2465 546 2537 libertatem,
568 2482 672 2540 pro
692 2464 805 2539 qua
833 2461 1215 2539 magnanimis
1239 2460 1374 2518 viris
1400 2460 1588 2518 omnis
1608 2459 1780 2517 debet

198 2580 327 2620 esse
357 2560 673 2620 eontentio.
756 2559 815 2617 N
820 2545 890 2618 ed
913 2578 1046 2618 vero
1067 2558 1308 2634 imperia
1327 2557 1664 2634 expetenda,
1688 2575 1778 2626 ao,

199 2657 411 2734 potius,
455 2666 554 2716 aut
593 2676 711 2715 non
755 2654 1094 2732 aeeipienda
1135 2654 1443 2727 interdurn,
1474 2663 1572 2711 aut
1610 2654 1780 2727 depo-
1807 2659 1871 2709 25

200 2752 397 2811 nenda
419 2771 851 2827 nonnunquam.

280 2848 627 2908 Vacandum
646 2858 837 2905 autem
855 2858 943 2905 est
957 2846 1116 2905 omni
1136 2829 1777 2921 anim‘gperturbatione,

200 2956 326 3008 tum
353 2945 672 3023 eupiditate
699 2954 759 3003 et
785 2954 963 3018 metu,
991 2953 1116 3001 tum
1136 2943 1309 3001 etiam
1339 2939 1699 3019 aegritudine,
1719 2948 1781 3010 et

554 3093 561 3100 .
622 3040 674 3099 '4
695 3039 730 3076 ³*
