2192 3517
329 167 443 227 146
992 176 1080 223 ΒΕ
1119 175 1419 224 omens.
1808 174 1889 246 [L.
1909 174 2003 221 nl.

417 325 714 384 venienter
769 335 987 384 naturae
1041 326 1292 398 vivere,''
1350 325 1411 383 id
1465 325 1640 383 habet
1705 323 1881 398 hanc,
1937 335 2004 386 ut

360 429 363 434 '
417 422 639 499 opinor,
669 424 1034 496 sententiam,
1065 442 1201 480 cum
1242 422 1450 481 virtute
1492 441 1814 500 congruere
1856 441 2005 480 sem-

416 537 516 596 per
539 539 553 590 3
626 530 838 588 caetera
892 529 1104 592 autem,
1161 539 1287 594 quse
1346 518 1667 575 secundum
1734 528 2003 577 naturam

416 626 630 688 essent,
659 616 742 674 ita
778 616 991 694 legere,
1022 616 1071 674 si
1100 635 1170 673 ea
1198 616 1393 673 virtuti
1430 635 1548 673 non
1591 626 1999 693 repugnarent.

351 719 385 768 5
412 713 597 775 Quod
644 732 778 772 cum
827 714 907 771 ita
946 714 1039 782 sit,
1081 723 1287 790 putant
1339 712 1594 789 quidam,
1636 712 1788 771 hanc
1846 732 2004 771 com·

413 811 775 887 parationem
815 830 933 870 non
975 821 1135 868 recte
1177 810 1582 883 introductam,
1616 829 1728 868 nec
1761 812 2002 870 omnino

416 908 489 965 de
516 926 609 976 ‚eo
660 927 873 985 genere
926 907 1238 983 quidquam
1292 907 1744 983 praecipiendum
1802 907 1998 966 fuisse.

415 1005 613 1081 Atque
650 1005 808 1063 illud
877 1005 1109 1080 quidem
1179 1004 1506 1076 honestum,
1562 1005 1743 1080 quodv
1770 1006 2001 1082 proprie

414 1121 663 1179 vereque
686 1102 917 1173 dicitur,
948 1102 1007 1159 id
1036 1102 1094 1159 in
1125 1101 1480 1179 sapientibus
1508 1112 1595 1159 est
1622 1102 1779 1172 soli8‚
1808 1120 1998 1177 neque

322 1196 384 1248 1⁰
416 1218 450 1257 a
477 1199 683 1256 virtute
711 1198 902 1255 divelli
944 1218 1197 1274 unquam
1237 1208 1461 1274 potest;
1505 1196 1565 1254 in
1596 1197 1665 1254 iis
1695 1208 1908 1269 autem,
1938 1197 1997 1256 in

414 1295 620 1371 quibus
663 1295 945 1371 sapientia
983 1295 1243 1372 perfecta
1297 1314 1413 1353 non
1468 1304 1575 1366 est,
1618 1293 1804 1369 ipsum
1855 1293 1996 1352 illud

412 1391 647 1467 quidem
685 1393 1007 1468 perfectum
1049 1393 1356 1451 honestum
1385 1391 1550 1449 nullo
1576 1392 1771 1463 modo,
1800 1391 1995 1450 simili·

411 1488 644 1546 tudines
672 1488 899 1546 honesti
929 1508 1055 1548 esse
1083 1500 1339 1565 possunt.

491 1584 640 1664 Haeo
681 1587 836 1643 enim
879 1586 1072 1644 omnia
1114 1586 1325 1658 officia,
1356 1586 1430 1643 de
1458 1585 1667 1661 quibus
1704 1585 1794 1643 his
1833 1585 1997 1643 libris

320 1681 381 1730 15
413 1683 789 1759 disputamus,
832 1682 1026 1741 media
1066 1683 1256 1741 Stoici
1300 1682 1607 1758 appellant.
1709 1682 1796 1740 Ea
1842 1702 1997 1748 cotn-

411 1780 610 1838 munia
636 1790 789 1851 sunt,
818 1791 877 1838 et
904 1781 1019 1838 late
1059 1789 1258 1856 patent
1275 1800 1289 1851 ;
1333 1799 1462 1855 quae
1490 1789 1550 1837 et
1581 1778 1801 1857 ingenii
1835 1779 1998 1838 boni-

409 1888 528 1935 tate
555 1877 721 1935 multi
764 1887 1166 1952 assequuntur,
1195 1887 1254 1934 et
1281 1876 1679 1955 progressione
1711 1876 1993 1936 discendi.

409 1974 563 2032 Illud
595 1986 788 2032 autem
829 1974 1105 2045 officium,
1136 1974 1287 2050 quod
1330 1984 1555 2032 rectum
1596 1974 1771 2032 iidem
1808 1974 1998 2051 appel-

407 2070 550 2141 lant,
571 2069 890 2145 perfectum
925 2079 1092 2145 atque
1125 2070 1457 2130 absolutum
1479 2080 1586 2143 est,
1609 2081 1666 2128 et
1696 2068 1789 2149 (ut
1817 2070 1995 2128 iidem

305 2165 378 2214 ‘20
409 2165 639 2246 dicunt)
683 2185 885 2223 omnes
925 2184 1201 2224 numeros
1241 2167 1448 2239 habet3
1490 2187 1621 2239 nec,
1661 2177 1868 2248 praeter
1910 2187 1998 2226 sa·

406 2262 682 2339 pientem,
740 2263 949 2321 cadere
1006 2263 1063 2320 in
1120 2249 1463 2340 quemquam
1529 2274 1729 2342 potest.
1836 2263 1995 2323 'Cum

410 2369 603 2417 autem
647 2359 860 2434 aliquid
906 2369 1101 2417 actum
1145 2370 1252 2433 est,
1295 2362 1355 2419 in
1396 2381 1512 2437 quo
1557 2361 1751 2431 media
1802 2362 1998 2420 officia

409 2465 799 2532 compareant,
822 2456 880 2514 id
910 2458 1203 2515 cumulate
1233 2459 1456 2516 videtur
1484 2478 1611 2516 esse
1637 2458 1993 2535 perfectnm3

405 2563 710 2631 propterea
761 2553 913 2629 quod
968 2555 1194 2631 vulguS‚
1245 2556 1382 2631 quid
1440 2556 1587 2613 absit
1637 2576 1670 2614 a
1713 2556 1995 2632 perfecto,

304 2653 522 2709 eonon
576 2650 697 2708 fere
750 2650 1053 2728 intelligit3
1112 2652 1396 2727 quatenus
1452 2663 1644 2710 autem
1701 2653 1994 2730 intelligit,

408 2747 552 2806 nihil
592 2757 757 2824 putat
801 2749 1268 2824 praetermissum⁴
1349 2748 1531 2811 Quod
1576 2749 1712 2807 item
1756 2749 1814 2807 in
1855 2755 1997 2827 poe-

408 2844 658 2904 matibus
698 2854 757 2902 et
794 2844 1037 2920 picturis
1078 2863 1187 2902 usu
1229 2844 1404 2916 venit,
1447 2844 1506 2901 in
1556 2844 1794 2922 aliisque
1839 2865 1996 2924 qom-

407 2939 687 3017 pluribus,
716 2952 781 3000 ut
821 2942 1182 3000 delectentur
1225 2941 1494 3017 imperiti,
1528 2941 1882 3018 laudentque
1923 2961 1993 3000 ea
